1740 2840
697 112 847 141 -45-

97 221 237 252 cogam,
261 211 416 247 sufficiat
436 215 641 247 monstrare
664 214 698 247 in
721 213 750 247 T
765 223 784 248 e
798 223 814 247 r
828 223 848 247 e
861 214 933 247 nti
957 213 1156 247 comoediis
1180 223 1238 247 me
1262 214 1447 247 invenisse

96 281 118 312 p
132 280 155 305 a
167 279 183 305 r
197 280 218 305 o
232 280 254 304 n
267 280 289 304 o
302 280 338 305 m
351 280 373 305 a
385 271 462 305 sia
474 279 492 305 s
512 271 587 310 728,
606 271 641 305 in
660 280 727 306 sex
746 270 957 310 comoediis,
978 280 1067 311 quas
1088 272 1255 310 tractavi,
1276 270 1364 305 Pla
1376 271 1447 305 uti

99 330 181 365 107
193 330 224 369 6,
249 339 401 364 numero
426 332 547 364 autem
572 329 778 370 figurarum,
803 339 896 371 quae
919 331 1100 370 pertinent
1124 329 1172 365 ad
1197 331 1448 370 repetitionem

98 387 260 423 eiusdem
283 387 399 427 verbi,
422 387 633 423 Terentium
657 388 785 424 Plauto
809 398 881 423 non
908 388 1092 423 recedere.

185 445 223 480 In
246 445 411 480 omnibus
431 446 629 481 comoediis
653 450 774 482 autem
798 449 834 481 et
855 446 1004 481 Terenti
1027 450 1062 481 et
1083 446 1200 481 Plauti
1222 456 1447 485 cognoscere

96 513 290 546 possumus
312 507 502 545 utrumque
523 508 669 545 poetam
691 505 759 540 illis
780 505 905 545 figuris
925 514 1029 545 amp
1044 505 1111 540 liu
1125 515 1143 540 s
1165 506 1198 539 in
1221 515 1241 539 c
1254 515 1276 539 a
1289 505 1394 539 ntic
1407 505 1416 538 i
1430 513 1448 538 s

98 573 205 604 quam
236 565 272 598 in
304 563 478 598 diverbiis
508 564 740 604 prologisque
771 573 877 599 usum
910 573 1005 599 esse.
1046 564 1094 599 Ut
1125 564 1170 599 de
1201 567 1375 599 universa
1407 573 1447 598 se

97 623 259 657 breviter
295 621 424 661 dicam,
459 632 505 657 ex
538 624 698 658 numeris
731 623 928 663 figurarum
963 622 1195 658 collectarum
1231 622 1447 657 confirmare

96 690 246 721 possum
267 690 445 715 summam
465 681 614 721 illarum,
635 692 727 722 quae
746 683 866 716 insunt
886 683 921 715 in
940 683 1100 720 canticis,
1119 684 1221 721 parte
1241 682 1321 721 plus
1340 682 1448 715 tertia

98 742 241 775 auctam
277 749 361 774 esse
396 743 537 775 summa
570 740 776 780 figurarum,
811 750 901 781 quas
936 741 970 775 in
1006 739 1180 775 diverbiis
1216 740 1447 780 prologisque

97 800 229 833 inveni.
271 798 378 840 Quod
409 800 718 839 comprehendere
748 809 942 839 possumus
974 801 1093 834 animo
1125 800 1312 833 nobiscum
1343 809 1447 838 repu-

97 859 215 891 tantes
246 858 387 892 cantica
417 857 464 891 ad
494 857 676 892 tibicinem
704 867 787 892 esse
819 860 965 892 cantata
993 857 1054 892 vel
1084 858 1245 895 recitata,
1275 856 1447 896 prologos

96 918 217 950 autem
239 918 275 950 et
294 915 459 950 diverbia
478 926 572 951 voce
592 916 686 951 nullo
707 915 816 950 modo
838 915 885 950 ad
906 916 1030 951 tibiam
1051 915 1182 950 collata
1203 918 1341 950 tantum
1364 924 1447 950 esse

96 976 335 1014 pronuntiata.
