1740 2840
662 136 837 166 —15—

281 237 456 276 Exempla
486 240 631 271 exstant
659 238 749 271 haec
779 238 874 277 apud
904 238 933 271 T
948 248 967 272 e
982 248 997 272 r
1012 248 1032 272 e
1045 249 1067 272 n
1081 243 1094 273 t
1107 241 1116 272 i
1130 249 1151 273 u
1165 249 1217 273 m:

166 307 192 340 1.
219 305 425 345 Adelph.
452 306 513 340 331
545 315 630 346 spes
659 316 831 347 opesque,
858 309 923 342 488
950 318 1034 343 num
1063 319 1156 348 narn,
1185 311 1248 344 575
1277 309 1426 344 dorsum

76 374 233 403 uorsum‚
257 365 323 398 650
346 367 448 403 patre
473 385 515 389 —
539 368 666 404 matre,
689 367 753 400 709
777 366 953 401 amandus
977 388 1019 392 —
1044 368 1253 406 gestandus,
1277 370 1340 402 847
1365 378 1426 402 co-

76 423 218 467 quendo
237 445 280 449 —
299 423 480 473 molendo,
501 425 543 459 73
563 433 741 465 praesens
761 425 978 466 absensque,
1002 427 1063 461 160
1083 436 1247 462 meorum
1268 436 1426 469 morum;

163 486 192 519 2.
225 484 368 518 Andr.
402 485 506 518 20——1
541 485 807 524 neglegentiam
839 507 881 511 —
914 486 1145 526 diligentiam,
1181 489 1240 522 155
1275 497 1427 522 uxorem

74 546 222 585 propter
248 552 422 581 amorem,
449 544 506 577 161
531 544 695 578 manibus
719 544 941 584 pedibusque
966 543 1026 583 (cf.
1049 546 1129 586 676;
1156 546 1291 580 similes
1316 555 1426 579 enun-

76 603 243 638 tiationes
269 601 365 642 apud
390 602 571 637 Graecos:
611 599 726 646 χερσίν
745 610 785 635 τε
808 599 991 646 ποσίνᾼτες
1037 599 1094 636 καὶ
1121 599 1208 648 χειρὶ
1233 600 1291 636 καὶ
1317 599 1429 643 ποὸἱ;

75 658 147 703 πὺξ
160 656 220 692 καὶ
239 658 305 701 λάξ
322 658 422 702 etc.);
443 664 506 696 212
525 673 569 697 ne
589 673 696 702 quam
714 663 845 697 faciam
864 665 995 703 nuptiis
1013 664 1201 703 fallaciam,
1220 667 1283 699 218
1303 674 1427 698 arnen-

76 723 163 757 tium
189 741 232 745 —
259 722 466 760 amantium,
491 723 554 755 274
581 721 727 756 doctum
752 725 859 762 atque
887 722 1065 761 eductum,
1093 724 1155 757 279
1181 733 1296 763 neque
1324 732 1428 758 amor

76 790 192 821 neque
223 779 349 820 pudor,
380 782 443 815 280
473 780 714 817 Commoueat
743 792 859 822 neque
891 786 1132 821 commoneat,
1163 784 1226 817 319
1257 784 1428 817 auxilium

76 838 274 877 consilium,
300 840 364 872 320
390 839 516 873 consili
541 860 584 864 —
608 840 788 879 auxilium,
814 841 878 874 346
903 842 994 880 perii
1021 862 1064 865 —
1090 842 1218 879 interii,
1246 842 1309 874 414
1335 850 1427 874 nunc

77 899 180 937 hunc,
207 898 271 931 423
301 907 410 932 uerus
440 919 483 923 —
511 897 614 937 Erus,
644 900 707 932 425
736 908 862 933 uerum
894 898 1055 938 uerbum,
1086 900 1150 933 564
1179 902 1355 939 perpetuo
1386 920 1429 924 -—

76 957 227 996 perpeti,
246 957 307 990 591
331 955 423 990 Num
444 966 527 990 nam
549 954 608 993 (cf.
628 957 778 996 Adelph.
798 959 872 995 488,
893 957 980 991 Eun.
1003 959 1076 996 286,
1099 957 1203 991 Haut.
1226 957 1316 991 Tim.
1339 955 1429 996 517),

77 1016 140 1049 619
168 1024 245 1049 rem
273 1014 483 1054 impeditam
511 1018 547 1049 et
572 1015 762 1055 perditam,
790 1017 854 1050 676
881 1016 1045 1050 manibus
1075 1016 1237 1055 pedibus,
1266 1018 1330 1050 912
1357 1016 1429 1050 sol-

78 1074 243 1109 licitando
271 1077 306 1109 et
331 1075 576 1116 pollicitand0;

164 1135 195 1168 3.
219 1133 328 1168 Eun.
355 1135 397 1167 42
420 1143 645 1173 cognoscere
671 1137 778 1174 atque
805 1136 1008 1174 ignoscere,
1036 1136 1095 1169 116
1122 1136 1272 1174 accepit,
1299 1136 1429 1174 coepit,

81 1195 139 1227 187
164 1192 239 1227 ibo:
266 1193 323 1232 ibi,
347 1194 409 1228 216
434 1193 492 1227 ibo
518 1197 625 1233 atque
651 1194 707 1233 ibi,
734 1195 797 1228 236
822 1196 948 1234 pannis
974 1196 1148 1234 annisque
1173 1195 1340 1233 obsitum,
1367 1196 1430 1229 257

78 1252 234 1286 fartores
269 1253 483 1292 piscatores,
517 1254 581 1287 286
616 1263 796 1292 numnam,
832 1255 895 1288 378
931 1264 999 1293 ego
1037 1255 1104 1293 egi,
1140 1256 1203 1288 575
1239 1264 1352 1293 parua
1388 1274 1431 1278 —

78 1321 201 1354 praua,
221 1312 286 1345 680
305 1313 441 1345 uieturs
462 1314 566 1345 uetus
587 1314 815 1349 ueternosus,
834 1314 898 1345 705
921 1312 1017 1346 dicat
1037 1333 1080 1336 —
1102 1312 1244 1350 indicat,
1266 1313 1328 1345 737
1349 1321 1431 1345 cor-

80 1371 172 1404 rexit
196 1391 239 1395 -—
265 1370 433 1409 intellexi,
456 1372 521 1405 840
546 1374 662 1405 mater
689 1374 724 1405 et
749 1374 864 1411 pater,
892 1373 974 1405 1048
999 1371 1233 1405 festiuitatem
1258 1374 1292 1405 et
1318 1370 1430 1405 facili-

79 1433 201 1469 tatem,
230 1431 312 1464 1055
340 1430 507 1469 preeibus
532 1432 660 1469 pretio,
688 1432 771 1465 1059
797 1434 832 1465 te
858 1434 1053 1477 praesente
1080 1431 1248 1471 absente;

166 1491 196 1523 4.
230 1489 339 1524 Hec.
371 1491 413 1523 48
445 1489 576 1523 fautrix
608 1489 843 1529 adiutrixque.
877 1491 916 1523 91
953 1489 1136 1528 redeundi,
1171 1488 1336 1527 abeundi,
1367 1489 1432 1522 249

80 1552 241 1584 uostram
264 1552 299 1584 et
321 1552 494 1589 nostram,
516 1551 580 1584 439
601 1549 754 1584 hominis
777 1549 907 1583 faciem
927 1570 970 1574 —
993 1548 1135 1588 faciam,
1157 1550 1219 1583 737
1242 1558 1326 1583 nam
1349 1549 1432 1587 iam,

81 1608 144 1642 863
166 1618 249 1642 nam
272 1617 482 1648 numquam;

168 1668 198 1700 5.
223 1666 362 1701 Haut.
387 1666 500 1700 Tim.
527 1668 569 1701 40
594 1667 754 1701 clamore
780 1688 823 1691 —
847 1667 982 1705 labore,
1010 1668 1071 1700 129
1098 1667 1164 1700 soli
1192 1667 1341 1705 solliciti,
1372 1667 1435 1700 182

80 1725 345 1760 Aduenientem
370 1746 413 1750 —
442 1725 699 1765 egredientem,
729 1727 789 1759 183
816 1735 961 1760 cenam:
990 1735 1074 1760 nam
1099 1747 1142 1751 —
1170 1727 1252 1764 iam,
1280 1727 1343 1759 218
1370 1735 1433 1759 co-

82 1784 279 1823 gnoscendi
311 1787 347 1820 et
376 1784 598 1824 ignoscendi,
629 1786 689 1819 261
720 1786 905 1820 monuisse
934 1806 977 1810 ——
1007 1786 1180 1824 potuisse,
1212 1785 1275 1819 326
1306 1784 1433 1819 harum

82 1843 243 1883 duarum,
265 1846 329 1879 356
350 1844 463 1878 uerba
485 1865 528 1869 —
550 1844 717 1882 uerbera,
738 1846 801 1877 379
824 1843 962 1877 Saltem
984 1843 1153 1881 salutare,
1175 1845 1237 1877 407
1260 1843 1434 1876 Teneone

82 1901 142 1937 te?
169 1900 285 1943 (,‚l·1ab
311 1903 367 1938 ich
391 1899 537 1942 dich?“)
563 1904 627 1938 503
651 1902 834 1938 hominum
858 1905 1024 1938 naturam
1049 1903 1218 1942 omnium,
1243 1903 1306 1938 517
1331 1911 1431 1937 num-

81 1972 174 2002 nam,
195 1964 259 1998 526
280 1963 426 1998 auidum
444 1985 487 1988 —
508 1966 615 2003 atque
637 1962 788 2001 aridum,
809 1963 873 1997 618
894 1963 1061 1997 nunciam
1080 1960 1140 2000 (=
1165 1972 1258 1996 nunc
1281 1958 1365 1999 iam)
1389 1982 1431 1986 —

82 2023 214 2061 nuntia,
238 2023 303 2056 628
329 2022 462 2056 domna
489 2031 568 2060 ego,
593 2030 677 2056 erus
705 2021 836 2055 damno
862 2024 988 2056 auctus
1015 2024 1080 2060 est,
1106 2022 1169 2055 645
1195 2021 1363 2055 stultitiae
1389 2040 1433 2044 —

82 2081 226 2121 iustitia,
251 2083 316 2116 863
342 2082 594 2120 conuennisse‚
621 2082 752 2121 egisse,
777 2082 840 2116 875
867 2082 1023 2116 monitor
1050 2084 1085 2115 et
1111 2082 1433 2120 praemonstrator,

82 2141 146 2174 919
168 2150 251 2175 narn
274 2142 361 2182 iam;

168 2200 359 2236 Phorm.
391 2203 411 2236 8
442 2201 597 2242 plorare,
628 2211 746 2240 orare,
778 2202 816 2236 21
852 2200 1011 2236 adlatum
1042 2222 1083 2226 —
1116 2200 1289 2238 rellatum,
1322 2199 1433 2233 55-6

83 2269 143 2294 res
163 2260 272 2295 redit:
293 2262 405 2301 siquis
426 2260 509 2301 quid
529 2260 656 2299 reddit,
674 2261 717 2295 76
737 2260 821 2295 dum
839 2269 930 2298 sum,
952 2261 1098 2293 129-30
1118 2261 1221 2297 pater
1242 2278 1284 2282 —
1303 2261 1434 2297 mater,

85 2320 211 2355 157—8
232 2320 418 2356 incidisset
439 2342 481 2346 -—
502 2320 713 2361 impulisset,
739 2321 798 2355 167
820 2320 937 2360 inopia
960 2341 1002 2344 —
1022 2319 1137 2358 copia,
1163 2318 1222 2352 176
1244 2317 1434 2353 amittendi

83 2387 150 2412 nec
170 2379 358 2418 retinendi,
378 2381 440 2414 216
461 2380 539 2418 agis
560 2400 603 2404 —
622 2379 711 2418 abis,
731 2381 793 2413 228
813 2378 962 2412 meliore
985 2380 1020 2411 et
1040 2376 1233 2414 callidiore,
1253 2378 1316 2410 224
1336 2386 1435 2410 mor-

84 2439 157 2472 tem
183 2441 245 2473 aut
269 2438 446 2478 morbum,
473 2439 603 2473 305—6
630 2437 948 2473 commonstrarier
976 2456 1018 2461 —
1047 2434 1343 2475 demonstrarier,
1371 2435 1437 2470 374

84 2497 269 2533 Bonorum
298 2502 472 2538 extortor,
504 2499 623 2538 legum
653 2500 849 2536 contortor,
881 2498 944 2531 454
973 2498 1059 2536 quot
1088 2516 1130 2520 —
1160 2498 1224 2534 tot,
1255 2497 1319 2530 470
1349 2504 1436 2535 spes

85 2565 256 2597 opesque,
288 2559 353 2592 500
387 2557 489 2592 dictis
522 2579 565 2583 -—
598 2557 736 2595 ductes,
766 2557 830 2590 604
864 2554 935 2594 dat,
969 2557 1036 2593 sat,
1068 2556 1128 2589 521
1163 2554 1210 2588 nil
1244 2553 1437 2593 ferentem,
