1740 2840
793 165 965 195 -6-

200 270 440 303 variatur
476 272 523 303 et
559 268 686 302 nihil
723 267 921 303 refert.“
968 268 1188 308 Figurae
1225 269 1499 306 verborum
1533 279 1559 305 a

201 326 321 368 Quint.
349 327 555 362 dividuntur
582 328 616 361 in
644 327 715 362 duo
743 337 898 367 genera:
923 338 946 368 g
960 338 979 362 e
993 338 1014 362 n
1028 338 1050 363 u
1064 337 1082 363 s
1110 338 1133 368 g
1146 338 1162 363 r
1175 338 1197 363 a
1210 338 1246 363 m
1258 338 1294 363 m
1307 329 1410 364 atie
1423 339 1445 365 u
1458 338 1494 364 m
1522 331 1559 365 et

201 387 530 422 rhetoricum.
572 386 793 426 Figurae
824 387 1137 427 phoneticae
1169 389 1203 422 in
1234 397 1423 428 genere
1453 388 1556 424 rhe-

200 448 248 480 to
262 455 278 480 r
292 446 301 479 i
315 456 335 480 c
348 456 369 480 o
392 448 476 480 sunt
493 445 697 486 ponendae.
729 445 842 481 Cuius
863 448 1009 486 generis
1032 446 1216 486 distinguit
1236 448 1391 487 primum
1410 446 1558 488 figuras,

200 514 325 544 quae
359 504 492 539 fiunt
527 504 841 544 adiectione,
875 505 1004 542 deinde
1038 516 1162 547 quae
1196 506 1329 541 fiunt
1360 505 1556 542 detrac-

199 565 351 603 tione,
374 563 529 603 denique
553 574 679 604 quae
702 569 785 600 aut
809 565 1158 601 similitudine
1183 566 1356 606 aliqua
1378 574 1557 600 vocum

199 622 1253 663 autparibusautcontrariisconvertunt
1271 626 1317 659 in
1335 634 1386 659 se
1404 633 1557 659 aures

200 691 220 716 e
234 684 247 716 t
276 691 295 716 e
308 691 333 715 x
345 691 366 715 c
378 682 388 715 i
402 683 416 716 t
428 691 451 716 a
463 691 485 716 n
499 684 523 716 t.
562 681 639 721 Ego
668 681 812 722 quidem
839 691 921 717 cum
949 681 994 717 de
1022 681 1147 721 figuris
1174 691 1285 723 agere
1313 682 1434 723 velim,
1464 692 1556 723 quae

199 742 375 781 imprimis
405 751 496 776 sonu
528 741 686 782 quodam
714 751 823 776 aures
854 744 1084 782 permovent,
1115 743 1269 782 primum
1299 742 1479 777 disseram
1509 741 1556 777 de

197 804 476 842 paronomasiis,
499 802 629 836 deinde
652 802 697 835 de
720 801 883 835 similiter
905 802 1118 835 cadentibus
1142 804 1177 836 et
1200 802 1459 841 desinentibus,
1480 804 1556 836 tum

198 859 244 895 de
267 860 393 900 figuris
416 870 508 900 quae
532 859 733 895 efficiuntur
755 860 903 900 paribus
925 863 987 895 aut
1010 861 1184 896 similibus
1208 861 1308 900 colis,
1332 861 1485 901 denique
1510 860 1556 896 de

198 920 334 959 figuris,
365 929 458 959 quae
488 920 575 954 fiunt
606 921 820 959 repetitione
851 921 954 954 unius
987 920 1222 960 eiusdemque
1251 920 1367 955 verbi.

286 1019 448 1054 Primum
478 1019 561 1054 lieet
590 1020 696 1059 igitur
728 1022 886 1054 tractare
918 1019 1082 1059 figuram,
1113 1029 1206 1060 quae
1236 1020 1438 1054 nominatur

556 1108 812 1144 Adnomlnatlo
838 1109 899 1143 vel
927 1103 1183 1151 παρονομασία.

271 1197 302 1233 C
315 1209 336 1233 o
352 1209 367 1233 r
381 1208 403 1232 n
417 1200 426 1232 i
440 1197 475 1233 fi
489 1209 509 1233 c
522 1199 532 1232 i
546 1208 567 1233 u
581 1207 599 1232 s
613 1197 670 1237 IV,
683 1199 735 1237 21,
748 1200 789 1233 29
807 1200 875 1233 tria
888 1197 1191 1233 adnominationis
1205 1198 1389 1238 distinguit
1401 1207 1556 1238 genera:

197 1257 473 1297 „Adnominatio
494 1260 561 1297 est,
580 1267 663 1292 cum
682 1256 728 1292 ad
749 1256 845 1292 idem
866 1256 1021 1292 verbum
1043 1260 1079 1292 et
1099 1266 1232 1292 nomen
1252 1256 1441 1292 acceditur
1454 1266 1554 1292 com-

197 1319 396 1352 mutatione
422 1318 482 1352 vel
507 1319 611 1351 unius
636 1317 778 1351 litterae
803 1320 864 1351 aut
889 1317 1089 1351 litterarum
1114 1320 1176 1351 aut
1201 1317 1247 1351 ad
1274 1326 1333 1351 res
1360 1317 1555 1351 dissimiles

197 1375 328 1410 similia
363 1375 480 1410 verba
515 1374 851 1410 adcommodantur.
896 1375 947 1410 Ea
983 1376 1102 1410 multis
1138 1378 1173 1410 et
1208 1376 1321 1410 variis
1358 1374 1556 1410 rationibus

196 1435 395 1470 conficitur.
438 1435 696 1469 Attenuatione
729 1438 790 1469 aut
824 1435 1075 1474 complexione
1110 1434 1273 1469 eiusdem
1308 1435 1450 1469 litterae
1482 1435 1553 1468 sic:

196 1492 284 1532 ‚Hic,
317 1494 374 1532 qui
407 1502 448 1526 se
482 1492 672 1531 magnifice
705 1493 815 1526 iactat
847 1495 955 1532 atque
986 1495 1155 1531 ostentat,
1186 1493 1287 1526 venit
1319 1494 1414 1530 ante,
1446 1500 1553 1531 quam

196 1550 352 1591 Romam
375 1550 498 1587 venit.⁴
513 1550 532 1563 ‘⁶
569 1549 748 1590 (Alterum
773 1552 928 1592 ,venit
951 1551 1138 1587 deducitur
1164 1551 1209 1586 ab
1234 1550 1377 1591 veneo‘,
1401 1551 1555 1586 alterum

194 1611 242 1645 ab
294 1605 462 1657 tvenio'.)
543 1608 820 1651 „Productione
874 1609 1041 1644 eiusdem
1095 1609 1258 1644 litterae“
1313 1605 1453 1654 (avium
1507 1627 1552 1631 -—

193 1666 349 1713 avium),
380 1666 782 1709 „Brevitate-eiusdem
810 1667 973 1702 litterae“
995 1663 1148 1713 (curiam
1176 1687 1223 1691 —
1251 1664 1428 1714 Curiam).
1458 1664 1554 1710 „Ad-

195 1730 324 1766 dendis
345 1729 497 1766 litteris“
518 1727 698 1768 (laudator
718 1752 761 1756 -
780 1729 962 1771 adulator;
983 1733 1188 1770 temperare
1208 1751 1252 1756 -—
1270 1726 1554 1773 obtemperare).

195 1789 416 1828 „Demendis
444 1788 596 1823 litteris“
625 1786 791 1826 (lenones
818 1810 861 1813 —
888 1786 1040 1826 leones).
1070 1788 1372 1827 „Transferendis
1401 1787 1552 1822 litteris“

195 1844 308 1887 (navo
333 1857 378 1883 an
404 1844 529 1886 vano),
554 1846 875 1887 „Commutandis“
900 1844 1076 1888 (deligere
1102 1869 1145 1882 .—-
1171 1845 1348 1888 diligere),
1374 1869 1416 1873 —
1441 1846 1555 1887 „Sunt

195 1911 317 1942 autem
335 1907 428 1942 aliae
446 1905 508 1946 (2),
528 1917 619 1947 quae
639 1918 710 1941 non
729 1908 862 1941 habent
882 1910 956 1941 tam
974 1909 1213 1947 propinquam
1231 1909 1265 1941 in
1285 1907 1410 1941 verbis
1430 1907 1554 1940 simili-

195 1967 356 2002 tudinem
381 1970 417 2002 et
442 1970 565 2002 tamen
591 1966 785 2001 dissimiles
811 1977 882 2001 non
907 1965 1012 2002 sunt“
1039 1964 1160 2007 (‚Quid
1185 1968 1341 2006 veniam,
1368 1967 1425 2006 qui
1452 1967 1553 2006 sim,

194 2037 301 2068 quem
320 2026 534 2066 insimulem,
554 2028 611 2061 eui
632 2036 653 2066 p
669 2036 684 2061 r
699 2037 720 2060 0
734 2027 835 2066 sim,
856 2037 948 2066 quae
969 2026 1160 2066 postulem,
1180 2027 1283 2061 brevi
1295 2027 1553 2066 ·cognoscetis;

194 2107 238 2111 -—
262 2087 458 2126 conscripti
482 2107 525 2111 —
550 2083 845 2127 circumscripti);
875 2095 945 2126 quo
971 2095 1108 2125 genere
1135 2095 1228 2125 „non
1254 2085 1371 2120 solum
1397 2083 1553 2123 additae,

194 2145 261 2184 sed
289 2155 360 2180 uno
391 2148 556 2185 tempore
585 2144 755 2185 demptae
786 2155 928 2185 quoque
959 2145 1102 2180 litterae
1131 2144 1247 2180 sunt“.
1288 2143 1471 2184 „Tertium
1502 2139 1555 2181 (3)

194 2214 309 2243 genus
335 2207 402 2242 est,
427 2203 522 2243 quod
546 2207 717 2238 versatur
741 2205 775 2237 in
799 2213 950 2238 casuum
973 2205 1255 2238 commutatione
1277 2206 1339 2238 aut
1364 2203 1467 2237 unius
1490 2204 1556 2236 aut

195 2262 349 2303 plurium
374 2261 591 2298 nominum.“
617 2284 660 2288 —

283 2352 371 2388 Cic
385 2363 404 2387 e
419 2362 435 2386 r
449 2363 470 2387 o
494 2352 516 2386 d
530 2363 549 2387 e
572 2363 593 2387 0
608 2362 635 2387 r.
657 2352 698 2392 11,
718 2354 771 2392 63,
794 2354 874 2388 256:
898 2354 1082 2392 „Alterum
1102 2363 1217 2393 genus
1241 2356 1306 2392 est,
1329 2352 1424 2393 quod
1446 2352 1556 2387 habet

196 2422 352 2453 parvam
388 2412 493 2447 verbi
530 2406 827 2452 immutationem,
865 2413 960 2453 quod
989 2414 1031 2448 ‘in
1068 2409 1188 2449 littera
1222 2415 1381 2454 positum
1418 2412 1550 2447 Graeci

192 2475 327 2507 vocant
356 2467 636 2515 παρονομασίαν,
665 2475 704 2506 ut
733 2472 763 2506 N
776 2483 798 2506 o
811 2473 833 2506 b
847 2474 857 2507 i
871 2473 880 2506 l
894 2474 903 2506 i
917 2484 939 2507 o
954 2483 969 2507 r
984 2483 1003 2507 e
1017 2483 1053 2507 m
1085 2483 1121 2507 m
1134 2473 1191 2507 ob
1205 2474 1215 2507 i
1229 2474 1238 2507 l
1252 2474 1261 2506 i
1275 2483 1297 2507 o
1311 2482 1327 2507 r
1342 2482 1361 2507 e
1374 2482 1411 2506 m
1441 2471 1555 2514 Cato;

193 2535 265 2572 aut,
302 2535 340 2567 ut
376 2532 483 2573 idem,
519 2542 628 2574 quum
665 2532 807 2568 cuidam
845 2532 1014 2569 dixisset:
1052 2533 1230 2569 Eamus
1268 2532 1554 2569 deambula-

193 2595 308 2627 tum:
336 2596 370 2627 et
395 2592 470 2628 ille:
498 2591 593 2633 Quid
619 2602 711 2632 opus
737 2593 801 2627 fuit
828 2592 911 2627 de?
937 2592 1049 2627 Immo
1076 2604 1180 2632 vero,
1205 2595 1327 2634 inquit,
1352 2594 1435 2634 quid
1460 2603 1554 2634 opus
