1740 2840
646 642 1074 719 Prooemium.

304 770 386 806 Jam
413 771 524 810 priori
553 780 647 803 anno
678 771 783 809 copia
812 770 895 803 mihi
937 772 1016 804 erat
1047 768 1092 802 de
1121 766 1298 801 nonnullis
1326 766 1450 805 figuris
1481 774 1565 803 ver-

214 830 354 868 borum,
374 838 463 869 quas
485 829 606 863 inveni
627 828 723 868 apud
740 827 949 863 Terentium
971 830 1129 867 poetam,
1149 826 1323 866 imprimis
1345 824 1389 859 de
1410 833 1565 864 parono-

216 890 351 928 masiis,
388 898 480 928 quae
504 887 679 925 dicuntur,
716 889 752 920 et
787 896 878 926 quae
916 886 1130 925 repetitione
1165 884 1253 918 fiunt
1288 883 1412 922 figuris
1449 881 1566 916 libello

215 958 298 982 meo
320 947 502 982 disserere
524 949 560 981 et
582 945 787 984 ostendere,
810 948 941 985 quanto
965 942 1157 979 commodo
1181 943 1227 977 sit
1248 951 1474 982 comparare,
1497 950 1567 981 qua

217 1008 356 1042 ratione
382 1010 417 1041 et
440 1004 634 1040 Terentius
660 1008 695 1039 et
720 1004 867 1039 Plautus
890 1005 1025 1043 figuras
1050 1003 1153 1037 huius
1179 1001 1276 1036 modi
1302 1001 1567 1040 usurpaverint.

216 1066 318 1100 Nunc
347 1064 491 1105 quidem
521 1064 774 1098 allitteratione
802 1065 954 1102 excepta
983 1062 1028 1096 de
1057 1061 1223 1095 omnibus
1252 1061 1376 1099 figuris
1404 1059 1567 1099 phoneti-

219 1126 273 1159 cis
290 1133 440 1163 possum
457 1132 580 1161 agere,
598 1131 690 1162 quae
709 1122 871 1161 leguntur
889 1121 985 1160 apud
1002 1120 1213 1155 Terentium
1232 1120 1317 1153 etin
1338 1128 1404 1152 sex
1421 1127 1567 1151 comoe-

221 1183 289 1217 diis
304 1182 432 1221 Plauti,
450 1191 539 1221 quas
556 1190 638 1215 cum
656 1180 723 1214 illis
740 1180 886 1214 alterius
904 1182 1035 1218 poetae
1054 1178 1252 1217 composui.
1272 1176 1394 1216 ltaque
1414 1175 1568 1209 libellum

218 1251 339 1276 meum
357 1241 425 1275 hoc
442 1239 551 1274 modo
569 1239 741 1278 disposui,
758 1241 796 1272 ut
813 1238 900 1272 liber
921 1241 956 1272 et
973 1238 1112 1271 solutus
1130 1236 1175 1270 ab
1195 1236 1272 1274 illis,
1291 1245 1383 1274 quae
1402 1235 1568 1274 proximo

217 1312 312 1337 anno
338 1302 478 1341 scripsi,
501 1302 610 1335 etiam
634 1300 754 1334 omnia
778 1299 835 1333 illa
859 1298 1128 1338 complectatur,
1152 1305 1244 1336 quae
1269 1297 1373 1329 erant
1396 1295 1430 1328 in
1454 1293 1570 1327 altera

218 1362 441 1401 quaestione.
468 1359 512 1394 Et
537 1359 681 1399 quidem
706 1358 884 1398 permulta
910 1356 1098 1391 immutavi
1125 1356 1205 1389 sive
1234 1352 1449 1390 excutendo,
1477 1361 1569 1391 quae

217 1423 304 1460 apta
327 1429 397 1453 non
421 1418 647 1457 videbantur,
670 1418 750 1452 sive
775 1415 1011 1454 emendando,
1035 1424 1127 1455 quae
1150 1412 1366 1452 corrigenda
1388 1411 1569 1451 putabam.

308 1478 487 1519 Quoniam
506 1478 598 1512 hunc
618 1476 777 1511 libellum
793 1484 958 1510 seorsum
978 1475 1022 1509 ab
1040 1474 1098 1508 illo
1118 1474 1249 1513 prioris
1268 1473 1349 1506 anni
1371 1480 1454 1505 esse
1474 1470 1570 1507 volo,

208 1538 303 1572 'licet
324 1538 479 1577 primum
500 1536 745 1575 praemittere,
768 1544 859 1574 quae
883 1533 1122 1573 Quintilianus
1145 1532 1250 1571 aliiqe
1274 1540 1355 1565 cum
1380 1530 1424 1564 de
1446 1529 1570 1567 figuris

220 1599 296 1631 tum
327 1596 522 1635 praecipue
552 1595 597 1628 de
626 1594 750 1632 figuris
782 1593 977 1627 verborum
1009 1591 1140 1625 dicunt.
1183 1589 1214 1629 Q
1230 1600 1251 1623 u
1265 1590 1274 1622 i
1288 1599 1309 1622 n
1323 1592 1347 1623 t.
1379 1587 1437 1626 IX,
1472 1589 1499 1625 1,
1533 1588 1572 1620 14

219 1656 372 1696 figuram
403 1664 425 1689 a
455 1657 559 1693 tropo
589 1653 644 1687 his
675 1651 799 1686 verbis
830 1650 1029 1689 distinguit:
1061 1648 1110 1688 „E
1123 1651 1169 1683 st
1200 1649 1245 1686 ig
1259 1648 1268 1680 i
1282 1650 1295 1681 t
1308 1657 1329 1681 u
1344 1656 1360 1680 r
1390 1649 1433 1679 tr
1447 1655 1468 1678 o
1482 1654 1503 1684 p
1518 1654 1539 1678 u
1553 1653 1571 1677 s

220 1724 386 1750 sermo
426 1724 448 1749 a
487 1712 716 1747 naturali
756 1714 802 1746 et
842 1708 1124 1750 principali
1149 1706 1570 1747 significatione

219 1774 515 1821 translatus
541 1772 598 1806 ad
626 1772 787 1808 aliam,
815 1768 1074 1803 ornandae
1102 1767 1363 1801 orationis
1391 1765 1572 1803 gratia,

220 1832 304 1867 vel
325 1829 389 1870 (ut
412 1831 650 1871 plerique
674 1828 995 1869 grammatici
1019 1823 1227 1864 finiunt)
1251 1824 1413 1858 dictio
1437 1823 1493 1857 ab
1517 1832 1571 1856 eo

222 1892 348 1931 loco,
372 1892 418 1924 in
444 1900 535 1930 quo
561 1889 774 1929 pro-pria
800 1890 887 1926 est,
911 1886 1174 1921 translata
1200 1885 1245 1918 in
1271 1892 1385 1921 curn,
1408 1883 1453 1915 in
1481 1890 1572 1920 quo

220 1952 434 1990 propria
455 1959 548 1983 non
572 1951 659 1982 est.
681 1947 866 1985 Figura
887 1943 1038 1982 (sicut
1058 1943 1257 1977 nomine
1280 1943 1391 1980 ipso
1414 1935 1572 1979 patet)

223 2012 302 2044 est
339 2007 687 2043 conformatio
727 2003 969 2046 quaedam
1006 2001 1279 2039 orationis,
1318 2001 1512 2034 remota
1552 2007 1573 2031 a

222 2068 467 2103 communi
498 2070 544 2102 et
575 2067 783 2106 primum
815 2073 865 2098 se
897 2061 1162 2097 offerente
1195 2057 1431 2094 ratione.“
1475 2056 1574 2091 ldem

223 2126 283 2167 IX,
318 2128 346 2166 l,
382 2128 421 2160 14
452 2126 605 2164 figuram
640 2127 751 2158 arte
786 2123 958 2161 aliqua
992 2123 1232 2154 novatam
1265 2118 1475 2151 formam
1512 2115 1574 2149 di-

222 2197 245 2221 c
258 2197 278 2221 e
291 2196 313 2221 n
327 2186 372 2221 di
399 2186 569 2220 nominat.
607 2182 700 2224 Quia
725 2184 795 2217 iarn
822 2184 969 2216 veteres
995 2178 1220 2219 grammatici
1246 2178 1338 2211 inter
1368 2185 1408 2210 se
1434 2174 1576 2209 dissen-

224 2246 371 2284 tiebant,
396 2254 488 2284 quae
513 2245 547 2277 in
573 2244 698 2282 tropis,
722 2251 813 2281 quae
840 2242 873 2274 in
897 2240 1020 2278 figuris
1048 2240 1173 2272 essent
1196 2235 1376 2276 ponenda,
1402 2235 1470 2268 hoc
1497 2234 1576 2267 loco

224 2303 339 2339 affere
360 2303 481 2342 velim,
503 2312 594 2343 quae
616 2300 736 2342 Quint.
759 2299 816 2339 lX,
841 2300 868 2338 1,
893 2299 929 2332 17
952 2296 1037 2331 dicit
1059 2296 1103 2331 de
1126 2296 1194 2330 hac
1217 2303 1274 2329 re:
1299 2293 1332 2333 „1
1347 2303 1368 2327 n
1383 2296 1396 2327 t
1409 2303 1428 2327 e
1443 2302 1458 2326 r
1480 2302 1501 2332 p
1515 2292 1525 2326 l
1538 2301 1577 2326 u-

223 2364 379 2397 rimos
399 2363 537 2400 enirn,
558 2360 686 2400 quod
708 2360 874 2396 sciam,
895 2364 1201 2391 consensum
1223 2358 1300 2389 est
1321 2353 1443 2388 duas
1466 2353 1575 2386 eius

221 2431 340 2457 esse
363 2424 553 2462 partes,
573 2413 836 2455 διανοίας,1(1
862 2418 939 2450 est
963 2414 1149 2449 mentis
1174 2413 1257 2447 vel
1285 2420 1469 2446 sensus
1495 2409 1577 2443 vel

222 2482 620 2525 sententi1arum;
659 2487 764 2513 nam
801 2476 877 2510 his
916 2473 1147 2508 omnibus
1185 2470 1575 2508 modis1dictum

222 2542 318 2580 est;
352 2541 399 2574 et
432 2533 571 2579 λέξεως,
601 2535 648 2570 id
681 2538 758 2570 est
789 2533 1063 2568 verborum
1094 2531 1177 2565 vel
1209 2529 1462 2563 dictionis
1494 2526 1576 2560 vel

227 2597 550 2633 elocutionis
581 2595 663 2630 vel
693 2593 947 2629 sermonis
977 2590 1059 2626 vel
1089 2588 1367 2628 orationis;
1398 2595 1502 2621 nam
1534 2588 1581 2620 et
