1740 2840
693 98 844 128 -21-

181 201 213 234 3.
239 198 335 234 Mil.
361 199 417 239 gl.
443 201 515 239 221,
540 201 614 240 225,
639 201 714 240 356,
738 202 813 241 398,
837 202 911 241 491,
937 202 1012 241 998,
1040 203 1200 241 1008—9,
1228 203 1320 241 1043,
1350 203 1444 241 1044,

95 259 189 297 1053,
216 259 308 297 1192,
336 259 493 298 1220-1,
520 260 611 299 1232,
636 260 734 301 1436;

157 347 159 349 ,
181 318 212 351 4.
237 315 379 351 Most.
411 318 459 356 13,
485 318 538 357 33,
567 318 638 357 169,
669 319 740 358 188,
765 320 906 358 383-4,
932 320 1007 358 386,
1034 320 1108 358 429,
1135 320 1275 358 481-2,
1302 320 1442 357 503-4,

90 376 167 414 740,
188 375 263 414 751,
285 376 359 414 873,
379 376 454 415 906,
475 377 550 415 993,
575 378 668 416 1159,
693 378 791 418 116ος

180 434 212 467 5.
233 431 410 468 Pseud.
434 435 505 473 108,
526 435 600 473 423,
622 436 695 473 444,
716 435 792 474 600,
812 436 886 474 715,
912 437 1004 475 1014,
1029 437 1187 475 1193-4,
1212 436 1309 476 1271;

179 492 212 526 6.
238 490 368 526 Trin.
400 493 471 531 161,
498 494 572 532 343,
598 494 673 532 368,
702 494 776 533 651,
804 495 944 533 733-6,
970 496 1044 534 741,
1071 496 1212 534 778-9,
1241 496 1316 534 933,
1348 496 1442 533 1043,

94 551 254 588 1043-4,
284 551 443 585 1055-6.
973 558 975 561 “

180 624 254 662 lam
282 628 316 661 in
345 627 481 667 figuris,
509 638 599 668 quas
629 628 745 664 adhuc
772 631 938 669 tractavi,
966 631 1023 664 vis
1052 630 1193 665 dicendi
1223 641 1293 665 non
1324 631 1441 666 solum

89 688 126 723 in
147 686 364 723 similitidine
385 687 540 728 quadam
563 697 746 729 sonorum,
768 688 834 724 sed
855 689 964 724 etiam
986 699 1251 730 nonnumquam
1273 691 1307 725 in
1330 699 1440 726 sensu

91 746 209 787 posita
241 749 330 786 erat,
362 748 536 787 imprimis
569 757 651 782 curn
684 747 813 782 eadem
846 748 962 782 verba
1004 748 1082 782 aliis
1114 749 1439 788 praepositionibus

88 805 293 844 composita
314 805 504 840 coniuncta
529 808 653 840 essent
676 807 768 841 inter
792 815 832 841 se
856 806 924 841 hoc
947 806 1067 846 modo,
1092 809 1129 841 ut
1152 808 1439 847 praepositiones

88 863 389 903 significationem
414 863 517 899 verbi
544 874 614 899 non
640 869 722 899 raro
747 867 1010 900 converterent
1034 866 1068 900 in
1094 866 1329 907 contrarium;
1355 866 1439 901 item

87 922 300 964 plerumque
322 924 380 957 vis
402 923 543 957 dicendi
566 925 674 958 etiam
695 933 804 958 sensu
827 928 933 958 aucta
955 927 1045 963 erat,
1066 934 1149 958 cum
1170 924 1240 959 duo
1262 924 1440 959 vocabula

90 983 194 1017 unius
237 982 297 1017 vel
340 991 537 1022 paucarum
581 982 781 1018 litterarum
825 984 1071 1018 immutatione
1115 986 1438 1023 commutarentur;

90 1042 280 1081 plurimum
307 1044 428 1076 autern
456 1042 656 1080 gravitatis,
682 1042 778 1081 quod
802 1043 894 1076 hanc
921 1052 998 1076 rem
1024 1043 1191 1081 pertinet,
1217 1041 1300 1076 illud
1326 1050 1440 1080 genus

87 1098 224 1135 habere
248 1098 403 1139 videtur,
428 1099 524 1140 quod
548 1101 751 1135 nominatur

588 1166 626 1207 b)
647 1168 941 1204 Traductio.

177 1226 503 1263 Cornificius
534 1227 590 1268 IV,
620 1229 669 1268 14,
700 1230 758 1263 20:
789 1227 1003 1268 „Traductio
1035 1231 1101 1268 est,
1132 1238 1224 1268 quae
1254 1227 1350 1267 facit,
1380 1229 1439 1266 uti,

84 1296 170 1322 cum
202 1287 297 1322 idem
327 1288 481 1323 verbum
521 1288 682 1323 crebrius
714 1291 878 1328 ponatur,
921 1298 991 1323 non
1024 1288 1133 1323 modo
1177 1298 1246 1322 non
1279 1287 1439 1323 offendat

85 1347 256 1385 animum,
285 1346 351 1381 sed
381 1348 490 1381 etiam
518 1348 786 1381 concinniorem
815 1348 1017 1381 orationem
1047 1347 1185 1385 reddat,
1216 1347 1283 1381 hoc
1314 1350 1437 1386 pacto:

84 1405 171 1450 (Qui
193 1406 277 1440 nihil
299 1406 406 1440 habet
429 1407 463 1440 in
485 1407 594 1441 vita
614 1406 802 1441 iucundius
826 1407 944 1445 vita,
969 1407 999 1440 is
1021 1416 1104 1441 cum
1127 1407 1260 1440 virtute
1283 1407 1439 1440 vitarn

87 1474 158 1498 non
191 1467 312 1504 potest
346 1460 481 1500 colere’
514 1490 630 1498 ......
675 1464 729 1498 Ex
762 1464 892 1499 eodem
924 1474 1058 1503 genere
1091 1467 1147 1498 est
1181 1464 1437 1502 exornationis,

86 1533 169 1558 cum
195 1523 290 1558 idem
316 1524 470 1558 verbum
496 1525 637 1563 ponitur
662 1523 771 1558 modo
796 1524 830 1557 in
856 1523 935 1562 hac,
959 1522 1068 1557 modo
1093 1524 1127 1556 in
1154 1522 1269 1557 altera
1295 1532 1345 1561 re,
1370 1522 1438 1556 hoc

85 1583 213 1617 modo:
230 1581 320 1626 ‘Cur
338 1592 420 1617 eam
439 1592 517 1617 rem
535 1585 610 1617 tam
631 1582 792 1617 studiose
812 1593 833 1616 c
845 1593 867 1617 ιι
881 1592 897 1616 r
910 1592 932 1616 a
945 1592 974 1621 s,
994 1592 1086 1622 quae
1106 1582 1167 1617 tibi
1187 1582 1318 1616 multas
1341 1581 1438 1615 dabit

86 1652 108 1676 c
120 1652 142 1676 u
156 1652 172 1676 r
186 1652 207 1676 a
220 1636 282 1677 δῖ’
300 1640 406 1676 Item:
424 1640 529 1685 rNam
555 1651 577 1675 a
589 1651 625 1675 m
638 1651 659 1675 a
673 1642 712 1675 ri
739 1641 931 1675 iucundum
958 1642 1014 1680 sit,
1042 1642 1072 1674 si
1098 1643 1254 1678 curetur,
1280 1650 1325 1674 ne
1354 1639 1436 1679 quid

87 1701 171 1736 insit
202 1695 403 1736 amari‘“
417 1726 513 1735 .....
556 1699 730 1741 Equidem
762 1710 844 1735 cum
877 1700 936 1735 illa
969 1700 1147 1740 exempla,
1181 1700 1308 1739 quibus
1342 1698 1436 1733 idern

85 1759 242 1793 verbum
260 1759 423 1793 crebrius
441 1760 595 1798 ponitur,
613 1761 685 1793 iam
703 1759 791 1793 sub
811 1759 1213 1793 commutatione
1233 1767 1437 1792 casuum

87 1817 278 1857 attulerim,
308 1817 375 1851 hoc
408 1817 488 1851 loco
521 1816 577 1852 de
609 1817 897 1852 iteratione
928 1819 1066 1851 tanturn
1099 1815 1278 1851 disseram
1310 1816 1435 1850 eius-

86 1865 192 1901 dem
218 1866 461 1901 vocabuli
486 1865 628 1901 modo
656 1866 744 1901 hac
770 1866 912 1901 modo
941 1865 1109 1901 altera
1137 1875 1186 1900 re
1214 1864 1433 1900 adhibiti

84 1912 234 1950 (Pseud.
258 1916 301 1949 90
324 1918 408 1949 ante
432 1915 602 1949 tenebras
625 1915 795 1949 tenebras
817 1912 1002 1954 persequi)
1026 1917 1109 1948 aut
1134 1918 1180 1948 et
1204 1914 1261 1947 ad
1285 1922 1365 1946 res
1390 1916 1435 1946 et

84 1972 144 2008 ad
175 1982 430 2014 personas
463 1973 717 2014 applicati
759 1970 907 2013 (Pseud.
938 1974 981 2008 74
1024 1973 1156 2008 misere
1191 1972 1362 2012 scriptum
1393 1991 1435 1996 —

83 2032 119 2066 O
145 2030 386 2070 miserrume).

177 2102 204 2136 l.
230 2100 435 2141 Adelph.
465 2102 592 2136 165—6
618 2098 702 2136 noui
732 2110 800 2141 ego
827 2103 952 2136 uostra
981 2100 1086 2135 haec:
1112 2098 1256 2144 ‘nollem
1282 2097 1434 2139 factum;

83 2159 142 2195 ius
165 2159 354 2195 iurandum
378 2159 518 2195 dabitur
541 2162 577 2195 te
600 2169 684 2195 esse
706 2156 721 2197 l
745 2159 1004 2199 indignum
1027 2158 1153 2193 iniuria
1176 2152 1255 2192 hac'
1278 2156 1436 2197 indig-

85 2218 163 2253 nis
185 2227 293 2259 quom
314 2214 461 2258 egomet
482 2218 550 2252 sim
572 2215 747 2258 acceptus
769 2217 897 2252 modis.
922 2218 981 2251 187
1004 2215 1131 2256 Cupio,
1153 2226 1174 2250 a
1188 2213 1209 2249 e
1224 2217 1303 2256 qui
1326 2216 1436 2251 modo

87 2276 230 2318 aliquid.
257 2298 300 2303 --
325 2276 414 2316 Vah,
442 2276 522 2311 leno
550 2277 724 2317 iniqua
750 2286 808 2311 me
835 2286 905 2311 non
931 2276 1005 2311 uolt
1031 2276 1136 2316 loqui.
1164 2278 1229 2311 384
1256 2276 1436 2311 uidere

86 2344 108 2369 u
122 2334 168 2370 id
181 2345 201 2370 e
214 2345 236 2370 ο
250 2345 267 2370 r
290 2336 362 2370 iarn
384 2334 480 2369 diem
503 2334 610 2369 illum.
1378 2324 1383 2327 ⁴

173 2407 203 2440 2.
224 2406 290 2440 An
304 2404 326 2440 d
340 2415 367 2440 r.
388 2406 496 2440 37-8
518 2426 560 2430 -
581 2403 649 2439 feci
672 2414 718 2439 ex
738 2413 846 2438 seruo
868 2406 906 2438 ut
927 2403 1031 2438 esses
1054 2403 1122 2437 lib
1136 2413 1156 2438 e
1170 2401 1283 2438 rtt'ls
1306 2404 1401 2443 mihi,
1422 2399 1436 2441 l

85 2462 287 2504 Propterea
318 2464 413 2505 quod
443 2463 608 2499 seruibas
638 2463 950 2498 liberaliter.
980 2464 1044 2498 338
1075 2462 1134 2497 Di
1163 2463 1291 2502 boni,
1320 2463 1436 2497 boni

80 2522 170 2563 quid
191 2523 311 2563 porto!
345 2525 405 2558 431
430 2520 657 2563 Renuntiabo
678 2525 716 2558 ut
734 2532 801 2562 pro
822 2519 891 2557 hoc
910 2532 946 2556 m
959 2522 1038 2557 alo
1060 2522 1145 2557 mihi
1168 2522 1228 2557 det
1249 2532 1284 2557 m
1298 2522 1376 2557 alu
1390 2531 1436 2556 rn.
