1740 2840
865 114 1017 143 ..44-

350 212 490 248 Haut.
515 212 646 248 Trin.
671 214 715 248 86
738 216 800 248 aut
824 210 886 253 (3),
913 215 975 249 116
999 216 1036 249 et
1059 211 1122 254 (3),
1145 214 1207 250 351
1233 218 1269 250 et
1292 212 1354 255 (3),
1376 217 1439 250 977
1465 225 1532 251 nec
1557 213 1618 255 (3),

260 272 392 306 983-4
416 274 452 306 et
477 269 544 313 (3);

349 349 459 384 Eun.
484 352 548 385 258
571 353 607 385 et
630 348 692 390 (3),
714 353 778 386 319
802 351 862 388 uel
883 348 945 391 (3),
968 353 1099 387 482-3
1122 362 1240 392 neque
1264 349 1332 394 (3);
1355 352 1387 387 H
1402 363 1464 388 ec.
1489 354 1618 388 263—5

262 411 299 443 et
325 405 388 447 (3),
418 409 545 443 161—2
572 412 608 444 et
634 406 703 451 (3);

348 484 448 521 Pho
463 495 539 521 rm.
562 488 673 523 97—-8
697 484 760 528 (3),
782 489 847 524 244
870 491 932 525 aut
954 486 1016 529 (3),
1043 490 1125 524 1044
1149 499 1265 529 neque
1290 486 1351 528 (3).

349 543 380 579 C
393 554 450 584 ap
463 547 488 579 t.
509 546 619 580 56-—8
640 545 766 587 Neque
787 568 830 573 —
850 557 967 587 neque
987 569 1030 573 —
1049 558 1116 583 nec
1137 569 1179 574 ——
1201 557 1328 588 neque,
1349 548 1480 583 346—8
1501 557 1617 588 neque

260 599 321 641 (4),
343 604 498 638 389-90
520 606 556 638 et
579 601 643 644 (3),
663 606 727 640 405
750 615 867 646 neque
891 602 953 646 (3),
973 607 1104 642 466—5
1125 606 1250 647 Neque
1272 628 1315 632 -—
1336 616 1453 647 neque
1475 627 1518 632 —
1541 616 1617 646 nec,

260 663 393 697 520—3
418 672 487 697 nec
512 660 661 703 (neque)
689 661 751 710 (7),
777 665 908 699 605-6
935 674 1052 705 neque
1079 662 1141 705 (3),
1164 667 1226 700 851
1255 668 1291 700 et
1315 662 1376 705 (4),
1403 667 1467 700 972
1494 669 1529 700 et
1556 663 1617 705 (3),

263 721 413 755 1030-2
443 730 511 756 nec
543 718 691 762 (neque)
722 718 790 763 (5);
822 721 941 757 Men,
973 724 1037 758 339
1068 733 1186 764 neque
1218 720 1279 764 (3),
1310 725 1375 759 423
1406 734 1522 765 neque
1556 721 1617 764 (3),

260 781 414 814 509-10
439 790 556 820 neque
584 777 682 820 (nec)
709 777 771 820 (3),
797 782 862 815 588
889 785 951 816 aut
975 779 1036 821 (3),
1061 783 1123 816 691
1149 783 1207 818 uel
1234 780 1297 822 (3),
1320 785 1386 818 960
1412 793 1528 824 neque
1555 781 1617 823 (3),

263 840 346 872 1009
372 842 409 873 et
435 836 503 880 (3);

349 915 445 951 Mil.
477 917 533 956 gl.
564 919 695 952 ,πε-9
726 927 843 958 neque
873 915 936 958 (3),
965 896 1029 954 607
1059 923 1121 954 aut
1152 917 1213 958 (3),
1245 921 1375 954 562—4
1407 929 1523 959 neque
1555 917 1617 958 (4),

257 975 389 1074 ZZZ?
402 977 470 1073 ἐξ.
491 971 553 1015 (3),
585 976 718 1010 830-2
749 986 866 1017 neque
898 974 960 1016 (3),
993 978 1146 1013 879—80
1179 981 1241 1013 aut
1273 975 1334 1018 (3),
1370 980 1454 1013 1042
1486 982 1522 1013 et
1555 975 1616 1018 (3),

459 1060 470 1076 ἲ

346 1111 489 1146 Most.
516 1113 581 1146 264
606 1122 722 1152 neque
748 1110 811 1152 (3),
835 1114 900 1147 756
925 1116 962 1148 et
985 1111 1048 1153 (3),
1072 1115 1203 1148 933—4
1226 1124 1343 1154 neque
1369 1112 1436 1155 (3);

256 1235 270 1275 (
342 1178 524 1277 ξ’(εξυᾱ.
559 1181 734 1215 397-400
770 1190 887 1221 neque
924 1177 986 1221 (5),
1020 1183 1085 1216 832
1120 1185 1181 1217 aut
1215 1179 1276 1222 (3),
1316 1184 1463 1217 llll—2
1499 1193 1616 1223 neque

273 1247 340 1272 nec
399 1239 453 1279 3;

344 1315 375 1350 Τ
388 1318 476 1351 rin.
500 1318 628 1353 134—5
649 1328 766 1358 neque
787 1315 886 1357 (nec)
908 1315 970 1358 (3),
995 1320 1166 1353 198—200
1189 1328 1305 1359 neque
1325 1315 1387 1357 (5),
1408 1319 1473 1353 282
1491 1317 1615 1358 Neque

257 1397 299 1400 —
325 1385 443 1416 neque
467 1397 510 1401 —
534 1376 724 1417 necullum‚
747 1377 811 1412 315
835 1377 912 1413 Neu
937 1374 999 1418 (3),
1022 1379 1087 1413 696
1111 1387 1228 1418 neque
1252 1375 1314 1417 (3),
1339 1379 1405 1413 850
1430 1387 1547 1418 neque
1573 1398 1615 1402 —

257 1445 374 1475 neque
392 1455 439 1461 -
457 1445 585 1475 necne,
606 1437 670 1470 879
689 1439 751 1471 aut
770 1457 813 1461 —
833 1438 894 1471 aut
915 1436 1010 1471 unde
1032 1457 1075 1461 —
1096 1439 1158 1471 aut
1177 1436 1283 1476 unde,
1303 1438 1368 1471 882
1390 1439 1426 1471 et
1446 1433 1508 1475 (3),
1533 1437 1615 1470 1096

259 1496 295 1529 et
320 1491 382 1534 (3),
409 1495 492 1529 1125
516 1504 634 1535 neque
658 1491 719 1533 (3).

343 1574 434 1608 Huic
462 1574 602 1613 figurae
645 1575 829 1608 contraria
864 1577 920 1608 est
948 1574 1234 1608 dissolutio
1266 1572 1340 1612 (vel
1389 1569 1614 1617 ἅσθετοννύ);

257 1635 419 1667 attamen
438 1633 529 1668 hanc
550 1634 703 1673 figuram
723 1644 794 1668 non
813 1636 930 1674 magis
950 1636 985 1669 in
1006 1644 1142 1674 genere
1164 1635 1345 1670 rhetorico
1367 1644 1474 1675 quam
1495 1644 1614 1673 gram-

257 1693 391 1726 matico
420 1692 628 1732 ponendam
657 1702 741 1727 esse
768 1696 855 1732 puto
884 1690 943 1730 (cf.
972 1693 1185 1732 Volkmann,
1213 1693 1387 1732 Rhetorik
1417 1693 1481 1728 der
1511 1694 1614 1728 Grie-

256 1751 349 1785 chen
383 1750 455 1785 und
488 1750 636 1790 Romen
668 1751 867 1786 Handbuch
902 1751 967 1786 der
1002 1752 1112 1786 klass.
1146 1752 1614 1791 Altertumswissenschaft‚

256 1809 307 1849 11„
330 1812 362 1849 3,
385 1819 420 1850 p.
445 1806 519 1850 44);
545 1811 666 1849 itaque
690 1810 837 1849 figuras,
861 1819 951 1850 quas
974 1810 1198 1849 perlustrare
1223 1811 1257 1843 in
1283 1812 1402 1844 animo
1426 1811 1614 1850 habebam,

255 1870 505 1909 pertractasse
533 1868 618 1902 mihi
646 1867 787 1902 videor.

344 1946 569 1987 Quaestione
591 1957 674 1982 mea
694 1948 765 1981 iam
786 1946 832 1982 ad
854 1947 962 1981 finem
982 1946 1157 1987 perducta
1179 1947 1214 1981 in
1235 1950 1363 1982 natura
1384 1948 1435 1982 rei
1457 1947 1614 1987 positum

255 2015 340 2041 esse
367 2005 513 2041 videtur
541 2015 731 2047 quaerere,
760 2006 942 2047 quomodo
969 2005 1164 2041 Terentius
1192 2009 1228 2041 et
1254 2003 1403 2041 Plautus
1430 2015 1497 2041 usu
1524 2006 1613 2046 figu-

254 2076 387 2105 rarum,
405 2076 495 2106 quas
510 2066 740 2106 perlustraui‚
757 2067 849 2100 inter
867 2075 907 2100 se
926 2064 1095 2099 differant
1113 2068 1149 2099 et
1165 2075 1235 2105 qua
1252 2066 1401 2105 quisque
1420 2066 1559 2100 ratione
1578 2067 1611 2100 in

255 2125 453 2158 comoediis
479 2126 554 2158 suis
578 2125 645 2158 illis
670 2125 794 2163 figuris
819 2134 906 2158 usus
931 2126 987 2158 sit.
1011 2123 1172 2157 Primum
1197 2126 1285 2158 satis
1310 2127 1452 2158 constat
1474 2123 1613 2157 Teren-

237 2175 341 2217 'tium
369 2186 514 2222 poetam
543 2192 712 2218 sermone
741 2183 852 2218 multo
880 2183 1054 2217 nobiliore
1085 2185 1119 2217 et
1147 2183 1368 2222 elegantiore
1398 2192 1502 2217 usum
1530 2191 1613 2216 esse

254 2252 363 2283 quam
387 2242 565 2281 Plautum,
591 2253 661 2282 quo
685 2244 792 2277 novis
816 2242 941 2277 verbis
967 2244 1002 2277 et
1026 2242 1187 2276 distortis
1212 2245 1247 2277 et
1272 2253 1291 2277 e
1316 2242 1436 2277 medio
1461 2243 1612 2281 sumptis

253 2310 360 2334 nemo
380 2302 497 2339 magis
517 2300 618 2334 favit.
639 2300 762 2340 Itaque
781 2303 933 2340 apparet
951 2299 1100 2334 Terenti
1121 2300 1319 2334 comoediis
1339 2310 1455 2340 neque
1476 2303 1613 2334 tantam

253 2361 458 2397 ubertatem
489 2360 707 2402 divitiasque
736 2361 934 2401 figurarum
965 2361 1086 2395 inesse
1117 2371 1224 2400 quam
1254 2360 1370 2396 Plauti
1401 2371 1518 2401 neque
1548 2370 1611 2396 eas

253 2424 392 2455 tantum
418 2420 545 2455 valere
571 2421 609 2454 vi
637 2422 810 2460 quantum
836 2420 973 2458 figuras
999 2418 1148 2453 alterius
1176 2422 1319 2458 poetae.
1357 2419 1472 2454 Nihilo
1499 2421 1612 2454 setius

253 2489 424 2515 numerus
459 2479 657 2519 figurarum
693 2480 802 2513 etiam
837 2477 933 2518 apud
967 2476 1178 2512 Terentium
1213 2484 1440 2516 nequaquam
1474 2482 1612 2514 parvus

253 2539 416 2574 efficitur.
451 2538 498 2573 Ut
521 2547 693 2572 numeros
715 2538 821 2576 igitur
844 2537 1042 2575 figurarum
1064 2536 1098 2569 in
1122 2536 1403 2569 summariorum
1424 2534 1612 2573 angustias
