1740 2840
809 101 957 130 -34-

292 200 322 233 7.
348 198 467 234 Men.
494 200 577 234 1090
601 198 683 240 Qua
706 198 766 235 hic
790 202 875 236 tuist
897 204 1007 241 tuque
1030 199 1137 237 h1'1ius
1161 204 1293 237 autem.
1330 202 1377 238 lb.
1403 204 1561 239 1097—8.

293 270 324 303 8.
352 267 496 304 Most.
523 271 642 303 53-4.

294 336 409 372 Decet
431 347 490 372 me
512 347 636 372 amare
660 341 695 373 et
715 338 751 373 te
773 338 1038 378 bubulcitarier,
1061 335 1074 376 ,s
1097 338 1158 374 Me
1180 337 1348 374 uictitare
1371 339 1504 381 pulcre,
1526 342 1561 374 te

204 395 354 431 miseris
379 396 507 431 modis.
544 396 591 430 lb.
619 398 756 436 160—l‚
780 399 855 436 305,
878 398 1018 432 671—2.

294 466 325 499 9.
349 464 444 498 Mil.
470 464 526 504 gl.
550 466 612 500 227
635 465 739 506 Quae
764 464 823 501 hic
848 469 930 501 sunt
953 467 1042 506 uisa,
1066 469 1103 501 ut
1128 465 1210 502 uisa
1234 477 1278 502 ne
1302 468 1382 517 sint,
1406 466 1502 502 facta
1525 470 1563 502 ut

206 523 302 559 facta
329 524 374 558 ne
400 526 504 558 sient.
542 524 590 558 lb.
616 526 692 564 600,
721 527 814 559 1068.

297 593 345 626 10.
367 591 397 626 P
410 601 428 626 s
442 601 462 626 e
476 602 497 626 u
512 591 545 625 d.
564 593 603 626 71
628 618 755 626 .....
777 592 851 627 Nisi
873 593 964 633 quae
985 593 1069 627 mihi
1093 594 1127 627 in
1149 597 1221 629 test
1241 591 1307 629 aut
1328 593 1426 629 tibist
1447 595 1482 628 in
1504 594 1562 629 me

206 651 316 686 salus.
357 650 405 685 lb.
432 652 620 690 858—864,
650 653 743 687 1333.

235 736 237 738 -
297 720 346 752 11.
379 718 510 753 Trin.
546 721 609 754 329
644 730 727 754 nam
761 717 858 760 quod
893 723 1028 754 tuomst
1063 724 1220 756 meumst
1254 718 1373 760 omne,
1406 724 1563 756 meumst

206 778 327 813 autem
347 780 457 813 tuom.
490 778 538 813 lb.
560 780 697 818 104—5,
716 781 878 819 308—12‚
897 781 971 818 351,
991 781 1056 814 360
1075 781 1150 819 361,
1169 781 1309 815 670—1.

295 874 369 909 Iam
390 874 474 910 licet
495 877 650 911 transire
671 876 718 911 ad
737 876 883 916 figuras,
904 886 996 917 quae
1016 876 1104 912 fiunt
1124 887 1140 911 r
1155 887 1174 912 e
1187 887 1209 918 p
1225 887 1244 912 e
1258 880 1294 912 ti
1308 878 1343 912 ti
1357 888 1378 913 o
1392 887 1413 911 n
1428 887 1447 912 e
1470 878 1562 912 eius-

206 935 290 970 dem
312 936 434 978 verbi;
457 937 611 976 primum
633 937 716 971 illud
739 946 854 976 genus
875 947 1020 977 ponam,
1044 937 1140 977 quod
1164 938 1273 977 vulgo
1298 938 1497 978 appellatur

366 1015 395 1048 l.
424 1013 619 1054 Anaphora
651 1016 712 1050 vel
741 1016 909 1055 repetitio
941 1011 1407 1060 (ἅναφορά-ἐπαναφορά).

295 1093 397 1128 Haec
421 1094 536 1133 figura
562 1095 717 1130 difinitur
743 1106 764 1130 a
788 1095 1094 1131 Cornuficio
1120 1096 1177 1135 IV,
1204 1098 1253 1135 13,
1281 1097 1319 1130 19
1345 1096 1413 1130 hoc
1437 1095 1563 1130 modo:

207 1152 409 1192 „Repetitio
438 1157 505 1192 est,
534 1163 617 1188 cum
645 1155 872 1188 continenter
904 1154 949 1188 ab
979 1164 1050 1188 uno
1081 1157 1190 1194 atque
1221 1153 1351 1189 eodem
1382 1153 1498 1188 verbo
1531 1154 1564 1187 in

210 1212 318 1246 rebus
349 1212 524 1246 similibus
555 1215 591 1247 et
621 1212 779 1247 diversis
809 1214 983 1252 principia
1013 1212 1234 1248 sumuntur.“
1277 1212 1376 1247 Idem
1407 1212 1566 1252 complu-

211 1271 308 1305 ribus
350 1271 527 1311 exemplis
567 1271 684 1306 allatis
724 1273 860 1311 pergit:
902 1271 1025 1311 „Haec
1065 1273 1254 1306 exornatio
1295 1281 1377 1306 cum
1417 1271 1567 1306 multum

210 1331 414 1365 venustatis
441 1330 550 1364 habet
576 1333 651 1365 turn
678 1331 871 1369 gravitatis
898 1333 934 1365 et
959 1331 1178 1365 acrimoniae
1205 1330 1407 1370 plurimum.
1444 1328 1567 1369 Quare

210 1388 355 1423 videtur
381 1397 464 1424 esse
490 1388 695 1423 adhibenda
719 1392 755 1423 et
780 1388 827 1423 ad
851 1388 1052 1423 ornandam
1076 1391 1112 1424 et
1136 1388 1184 1423 ad
1208 1387 1461 1427 exaugendam
1485 1397 1568 1422 ora-

209 1445 378 1482 tionem.u

299 1526 381 1566 Qua
409 1527 524 1565 figura
552 1526 850 1561 Terentium
878 1530 1026 1567 poetam
1054 1535 1235 1566 persaepe
1265 1535 1370 1561 usum
1401 1535 1484 1560 esse
1513 1526 1567 1559 vi-

210 1585 387 1621 debimus.

489 1673 526 1715 a)
553 1675 860 1716 Anaphorae
888 1674 1291 1714 adjectivorum:

298 1745 445 1779 Phorm.
465 1747 531 1779 342
550 1746 649 1784 prior
670 1744 784 1784 bibas,
805 1741 905 1784 prior
928 1744 1135 1778 decumbas.
1158 1742 1211 1782 (Si
1234 1744 1330 1778 idem
1351 1744 1568 1778 vocabulum

209 1804 245 1839 in
275 1803 406 1838 eodem
433 1812 547 1839 versu
578 1804 764 1844 repetitur,
793 1805 925 1843 poetae
955 1803 1084 1837 comici
1113 1803 1223 1838 ictum
1253 1802 1373 1838 solent
1400 1799 1567 1842 mutare),

208 1862 427 1898 Praeterea:
453 1862 628 1898 Maxume
653 1862 742 1897 Hec.
766 1864 841 1901 307,
866 1861 963 1897 aliud
988 1861 1075 1896 Hec.
1101 1863 1176 1901 844,
1202 1862 1319 1896 omnis
1346 1861 1451 1896 Haut.
1477 1861 1568 1897 Tim.

206 1923 350 1961 460-1,
375 1924 462 1961 quot
486 1920 574 1955 Hec.
598 1922 673 1956 817.

671 2008 1104 2053 b)Pronominun1.

478 2077 517 2119 α)
542 2080 901 2115 Pronominum
928 2071 1293 2119 personalium.

342 2150 492 2191 Adelph.
514 2152 644 2186 455—6
667 2150 704 2185 In
724 2151 760 2185 te
782 2159 868 2191 spes
889 2150 1018 2188 omnis,
1039 2148 1166 2188 Hegio,
1186 2148 1290 2184 nobis
1313 2150 1434 2184 sitast:

343 2224 379 2256 te
406 2218 525 2255 solum
551 2220 737 2259 habemus,
762 2218 803 2254 τύ
829 2229 869 2254 es
895 2222 1094 2259 patromus,
1120 2221 1157 2253 tu
1181 2221 1297 2258 pater.

300 2290 369 2325 ibd.
398 2291 462 2325 628
490 2290 635 2329 egomet
663 2290 764 2329 rapui
794 2290 882 2329 ipse,
911 2288 1057 2327 egomet
1085 2286 1175 2322 solui
1202 2288 1404 2326 argentum,
1433 2285 1480 2321 ad
1508 2295 1566 2321 me

209 2349 404 2385 abductast
431 2348 589 2383 domum.

297 2426 357 2451 me
385 2416 491 2451 Haut.
518 2415 609 2450 Tim.
634 2416 709 2454 463,
735 2414 823 2449 Eun.
853 2416 980 2448 193—5
1008 2410 1170 2453 (octies);
1197 2416 1235 2447 te
1261 2412 1349 2447 Hec.
1377 2414 1452 2450 338,
1478 2410 1566 2447 Eun.

206 2478 357 2518 887—-8;
380 2478 418 2511 tu
439 2474 585 2510 Phorm.
607 2474 688 2516 496;
710 2475 795 2509 tune
815 2471 927 2508 Andr.
948 2472 1030 2514 9105
1051 2470 1190 2508 Mihin?
1214 2471 1284 2507 ibd.
1305 2472 1475 2514 849-50;
1497 2480 1567 2512 ego

210 2535 298 2570 Hec.
319 2536 401 2576 244;
425 2544 508 2569 eum
529 2533 680 2573 Adelph.
702 2534 822 2569 9-10,
