1740 2840
828 98 980 126 -13-

315 199 345 230 2.
370 197 489 232 Men.
512 200 575 232 817
598 199 814 233 miserorum
839 200 1092 240 miserrumus;

315 268 347 300 3.
371 265 468 301 Mil.
495 267 551 306 gl,
577 268 642 301 664
663 257 817 306 Opusne
844 266 940 301 leni?
969 267 1142 303 leniorem
1170 268 1269 303 dices
1296 279 1403 309 quarn

454 323 630 358 mutumst
656 333 777 366 mare;

314 394 343 426 4.
362 392 400 426 Μ
414 403 435 426 o
449 396 504 427 st.
521 394 583 427 279
602 393 685 427 nihil
703 393 769 428 hac
787 394 894 429 docta
914 394 1081 429 doctiust.

358 449 430 485 289
457 449 587 485 Pulcra
616 450 744 486 mulier
781 451 880 486 nuda
909 453 986 494 erit,
1023 461 1133 497 quam
1162 452 1372 498 purpurata,
1408 452 1579 498 pulcrior-

224 512 356 544 543—4
379 512 489 545 miser
514 532 556 536 ——
580 513 763 553 miserius;

314 582 345 615 5.
369 580 430 615 Ps
444 591 463 615 e
478 592 498 616 u
514 581 546 615 d.
568 583 697 617 438—9
720 581 880 617 Probum
902 605 944 608 —
967 584 1189 625 probiorem

306 648 340 683 6.
375 648 500 683 Trin.
528 649 576 684 94
604 648 677 684 Sed
709 652 744 683 tu
773 659 819 684 ex
846 650 977 684 amicis
1006 650 1114 685 certis
1141 651 1190 685 mi
1219 660 1259 686 es
1286 651 1526 686 certissimus.

224 726 251 768 i)
271 728 373 764 Nunc
395 733 517 765 autem
539 731 702 765 tractabo
725 730 808 765 illud
829 740 955 770 genus,
978 731 1073 772 quod
1094 732 1143 770 fit,
1165 742 1247 766 cum
1271 731 1402 766 eadem>
1422 732 1493 766 duo
1516 732 1576 766 vel

224 790 328 829 plura
362 790 541 824 vocabula
576 801 596 824 c
609 801 631 824 o
644 800 680 824 m
693 800 729 824 m
742 801 763 825 u
778 792 909 825 tatio
923 801 944 825 n
959 802 978 825 e
1013 801 1032 825 c
1046 801 1067 825 a
1081 800 1098 825 s
1112 802 1132 825 u
1147 802 1167 826 u
1182 801 1217 825 m
1254 793 1352 826 iuxta
1386 795 1576 832 ponuntur,

450 849 546 889 quod
573 859 689 889 genus
718 849 860 885 dicendi
887 860 909 884 a
935 851 1117 890 plerisque
1145 853 1348 885 nominatur

565 916 595 952 P
607 927 630 953 o
643 917 653 952 l
666 928 692 958 y
704 928 727 959 p
740 921 788 954 to
802 921 850 954 to
864 929 885 953 n
913 915 1187 961 (πολύπταντον).

316 989 342 1021 1.
367 988 573 1028 Adelph.
599 990 635 1022 11
663 988 815 1023 uerbum
840 988 885 1023 de
908 989 1032 1027 uerbo,
1060 990 1121 1023 170
1143 988 1267 1023 oculos
1293 998 1314 1022 a
1338 989 1428 1022 meis
1453 988 1576 1026 oculis,

226 1047 290 1080 218
312 1046 496 1082 hominum
519 1047 626 1081 homo
650 1047 872 1087 stultissime,
895 1049 958 1082 255
983 1057 1108 1082 uerum
1133 1048 1227 1082 enim
1251 1057 1351 1086 uero,
1375 1049 1437 1081 299
1459 1048 1579 1081 omnia

226 1115 365 1144 omnes,
387 1108 452 1140 500
475 1116 592 1146 aequo
617 1107 737 1141 animo
761 1116 877 1146 aequa
901 1116 1066 1146 noscere,
1091 1108 1156 1142 608
1179 1109 1295 1147 ipsum
1318 1117 1474 1147 purgare
1499 1108 1577 1147 ipsi,

224 1166 290 1199 638
315 1165 394 1199 huic
422 1165 489 1204 hic,
513 1166 578 1200 668
604 1175 780 1205 praesens
807 1167 1001 1205 praesenti,
1026 1168 1090 1201 978
1116 1175 1244 1201 omnes
1268 1176 1413 1207 semper
1441 1166 1577 1208 omnia;

312 1231 346 1266 2.
374 1230 404 1266 A
417 1242 437 1266 n
452 1232 512 1267 dr.
539 1231 588 1267 96
615 1241 747 1268 omnes
764 1233 899 1274 omnia,
926 1232 999 1268 639
1015 1233 1062 1268 ad
1082 1243 1165 1268 eum
1185 1235 1221 1268 et
1240 1243 1323 1269 cum
1342 1243 1400 1276 eo,
1427 1232 1500 1268 646
1518 1233 1581 1278 qui

226 1292 329 1324 tuo-m
359 1291 520 1325 animum
548 1291 593 1325 e'x
620 1292 743 1325 animo
771 1292 941 1335 spectaui
962 1290 1065 1326 meo!
1094 1292 1165 1325 772
1182 1291 1278 1326 iilam
1307 1291 1366 1333 iili,
1393 1291 1465 1326 779
1487 1291 1581 1326 alius

228 1351 336 1386 alium
359 1348 419 1389 (cf.
443 1350 589 1386 Phorm.
610 1354 686 1391 800,
710 1351 815 1387 Haut.
838 1351 929 1386 Tim.
951 1348 1042 1392 394),
1065 1353 1130 1387 918
1152 1351 1211 1387 illa
1233 1351 1340 1387 illum.

315 1424 346 1456 3.
377 1422 487 1457 Eun.
520 1424 584 1457 232
613 1423 746 1457 homini
779 1423 887 1457 homo
920 1424 993 1462 ,307
1024 1426 1062 1458 tu
1094 1422 1269 1457 ostendes
1301 1426 1348 1462 te,
1380 1424 1444 1457 313
1475 1422 1581 1457 Haud

228 1481 353 1514 similis
382 1482 521 1520 uirgost
548 1477 725 1520 uirginum
755 1484 971 1521 nostrarum,
998 1483 1063 1516 355
1090 1481 1186 1522 quod
1214 1481 1348 1516 donum
1375 1480 1455 1515 huic
1485 1480 1580 1515 dono

226 1542 355 1575 contra
375 1542 574 1581 comparet,
592 1540 656 1576 367
676 1550 747 1576 una
766 1540 801 1576 in
822 1540 913 1581 unis,
932 1541 996 1576 445
1015 1550 1081 1582 par
1101 1549 1167 1581 pro
1187 1541 1276 1581 pari,
1295 1541 1359 1576 579
1379 1540 1478 1576 solus
1499 1549 1581 1575 cum

230 1599 319 1638 sola,
342 1601 407 1633 622
429 1599 488 1633 illa
511 1608 594 1634 curn
618 1599 688 1639 illo,
722 1600 783 1634 631
809 1599 917 1634 alIam
940 1608 1019 1634 rem
1042 1609 1088 1634 ex
1111 1599 1191 1639 alia,
1212 1600 1278 1634 800
1300 1602 1336 1634 tu
1362 1601 1400 1634 ut
1422 1598 1494 1638 tibi,
1516 1600 1580 1633 987

229 1657 325 1693 aliud
347 1668 393 1693 ex
417 1658 486 1693 alio
510 1658 659 1693 malum!
1584 1670 1586 1672 ’

317 1731 348 1763 4.
372 1728 483 1764 Hec.
508 1730 528 1764 2
551 1739 668 1764 nouae
693 1739 838 1768 nouom,
866 1730 927 1763 142
953 1729 1010 1764 ille
1036 1730 1166 1764 inuitus
1193 1729 1299 1768 illam,
1327 1730 1389 1764 169
1415 1728 1512 1764 illum
1536 1728 1581 1763 ab

228 1788 298 1827 illa,
325 1789 388 1822 270
416 1787 512 1822 aliud
539 1787 697 1823 fortasse
724 1787 814 1827 aliis,
843 1788 907 1823 306
933 1797 1021 1822 uero
1051 1797 1187 1827 ueram,
1214 1789 1278 1823 350
1307 1788 1385 1822 sola
1413 1787 1491 1827 soli,
1518 1788 1581 1822 415

229 1850 266 1882 tu
285 1847 357 1886 tibi,
374 1849 437 1882 557
458 1847 557 1882 solus
577 1847 694 1881 solum
713 1848 877 1886 conueni‚
896 1848 960 1881 750
979 1847 1036 1881 hic
1054 1847 1159 1886 hanc,
1177 1848 1239 1881 861
1260 1847 1444 1881 hominum
1463 1846 1582 1885 homo,

229 1906 293 1941 867
318 1907 438 1941 omnia
463 1915 607 1947 omnes;

317 1977 349 2009 5.
375 1975 503 2010 Haut
530 1965 643 2009 Tim.
671 1977 692 2009 4
721 1985 767 2009 ex
794 1976 935 2014 integra
965 1975 1107 2009 Graeca
1136 1976 1314 2014 integram
1343 1973 1582 2013 comoediam,

229 2035 273 2070 20
299 2034 514 2075 exemplum,
540 2044 611 2075 quo
637 2033 816 2075 exemplo,
843 2034 905 2069 136
929 2033 987 2069 ille
1012 2034 1124 2069 uitam
1149 2032 1256 2074 illam,
1280 2034 1346 2069 394
1371 2034 1512 2074 utrique
1536 2026 1582 2068 ab

228 2092 403 2136 utrisque,
433 2091 503 2126 397
531 2092 570 2127 ut
598 2102 644 2127 ex
663 2091 759 2126 illius
777 2092 980 2127 commodo
998 2102 1120 2127 meum
1139 2092 1394 2136 compararem
1413 2091 1582 2126 cdmmo-

229 2147 330 2192 dum,
356 2147 429 2184 402
456 2149 494 2183 ut
513 2149 653 2195 patrem
680 2149 784 2184 tuom
813 2148 888 2185 uidi
917 2159 964 2185 ex
990 2150 1054 2185 tuo
1083 2148 1196 2193 abitu,
1229 2148 1303 2185 419
1330 2157 1401 2185 nos
1428 2147 1582 2195 qudque

229 2217 341 2244 senes
357 2209 414 2244 est
429 2207 589 2253 aequom
608 2208 763 2245 senibus
780 2208 956 2255 obsequi,
975 2209 1041 2245 781
1064 2209 1160 2246 illam
1179 2208 1240 2252 illi,
1257 2208 1330 2244 853
1347 2208 1458 2251 illum,
1474 2208 1581 2251 illam,

227 2271 295 2304 919
318 2272 355 2304 tu
379 2272 433 2310 te;

317 2339 348 2374 6.
368 2337 399 2373 P
412 2338 434 2373 h
447 2348 469 2373 o
484 2348 500 2373 r
513 2348 559 2372 m.
584 2339 597 2372 1
630 2342 738 2379 poeta
759 2342 864 2374 uetus
883 2342 1041 2380 poetam,
1060 2340 1169 2374 43—4
1187 2348 1253 2374 suo
1274 2348 1390 2379 suom,
1408 2340 1452 2375 56
1471 2340 1583 2380 siquis

229 2396 325 2436 quid,
352 2398 413 2431 109
436 2396 494 2431 ille
519 2397 578 2436 qui
600 2396 707 2435 illam,
733 2398 792 2432 115
814 2397 948 2432 bonam
968 2397 1084 2436 bonis,
1109 2398 1172 2431 212
1194 2397 1346 2432 uerbum
1368 2398 1494 2437 uerbo,
1516 2406 1583 2438 par

228 2457 319 2496 pari,
344 2456 404 2491 271
431 2465 471 2491 re
495 2456 614 2491 minus
638 2457 707 2497 rei;
730 2457 795 2491 562
817 2457 935 2491 arnico
960 2457 1099 2491 amicus
1123 2453 1206 2495 (hac
1229 2457 1474 2492 enuntiatione
1498 2455 1584 2492 Ter.

230 2518 340 2554 poeta
368 2516 566 2556 proverbio
597 2515 676 2550 loco
708 2516 756 2550 uti
788 2515 882 2551 solet
910 2525 1040 2550 verum
1069 2516 1224 2550 amicum
1255 2516 1473 2555 significans,
1501 2524 1584 2550 cum
