1740 2840
704 81 858 111 -23-

107 191 284 223 generum
303 181 573 221 vocabulorum,
595 191 687 222 quae
707 182 793 217 item
811 182 1070 221 grammaticae
1091 181 1229 221 legibus
1250 182 1453 216 arctissime

108 243 200 277 inter
231 249 272 276 se
300 250 465 276 connexa
493 250 601 276 unam
632 250 822 281 eamquem
850 240 1104 281 amplificatam
1134 243 1242 280 atque
1271 239 1453 274 dissertis-

108 302 237 336 simam
258 300 441 335 notionem
463 298 651 335 efficiant.“
684 299 762 335 Hac
781 300 1023 340 figuravaria
1047 300 1185 334 ratione
1210 298 1302 334 effici
1323 301 1454 339 potest,

107 369 189 395 cum
212 361 274 395 aut
296 360 527 395 accusativus
552 360 768 395 substantivi
790 369 872 395 cum
894 359 1011 394 verbo
1037 358 1200 394 eiusdem
1223 359 1345 398 stirpis
1368 367 1454 392 con-

108 418 262 457 iungitur
281 415 453 456 (officium
471 417 565 453 facio
583 418 650 453 Ad.
669 415 747 457 593)
769 421 830 453 aut
848 418 1027 453 ablativus
1048 427 1129 453 cum
1150 417 1266 452 verbo
1287 416 1385 451 affini
1404 414 1454 454 (in

108 477 248 511 somnio
269 478 446 511 somniaui
464 476 539 511 Mil.
558 476 604 516 gl,
621 473 701 515 773)
721 479 783 512 aut
802 478 1044 512 nominativus
1065 486 1148 512 cum
1168 476 1284 511 verbo
1303 476 1453 516 passivo

109 537 188 570 sive
212 536 439 570 intransitivo
465 532 582 573 (tinnit
606 535 878 570 tintinnabulum
900 534 997 569 Trin.
1023 533 1137 576 1004);
1163 536 1248 570 item
1273 545 1344 569 non
1370 543 1453 569 raro

107 593 288 630 ablativus
325 593 373 629 ad
409 593 564 629 verbum
599 592 707 629 affine
743 594 884 634 positus
919 593 976 629 eSt
1011 593 1079 628 hoc
1115 593 1241 628 modo:
1278 594 1455 628 memoria

107 653 253 688 memini
278 649 398 693 (Capt.
425 649 504 692 393)
531 655 592 688 aut
620 652 885 688 substantivum
912 655 1063 692 augetur
1090 653 1270 688 adiectivo
1297 655 1454 693 cognato

108 710 392 750 (amicissumam
429 712 583 746 amicam
618 710 750 746 Pseud.
790 708 886 749 1263)
924 714 986 746 aut
1022 710 1240 745 adiectivum
1277 711 1453 745 adverbio

108 771 205 806 affini
232 771 468 811 amplificatur
493 768 641 809 (misere
667 772 778 805 miser
804 769 1042 805 sumPseud.
1071 767 1140 810 13);
1169 770 1321 809 denique
1349 770 1453 804 simili

108 830 216 865 modo
246 830 401 865 verbum
427 831 652 868 coniungitur
679 839 762 863 cum
788 829 965 863 adverbio
996 829 1158 863 eiusdem
1186 830 1332 867 generis
1359 826 1453 866 (cur-

108 890 178 924 sim
192 898 337 924 curram
352 887 486 924 Pseud.
502 886 582 928 358)
599 888 660 924 vel
677 888 897 924 adiectivum
913 898 996 923 cum
1013 888 1129 923 verbo
1148 888 1215 922 hoc
1233 887 1360 922 modo:
1379 897 1454 922 me-

108 958 187 983 mor
214 949 376 983 meminit
402 945 550 986 (Pseud.
576 945 657 986 940)
685 948 746 983 vel
772 947 993 982 adiectivum
1021 957 1103 982 cum
1131 947 1358 982 substantivo
1388 947 1454 981 hac

108 1007 265 1041 ratione:
292 1006 428 1041 honore
456 1006 701 1041 honestiorem
728 1004 849 1045 (Cant.
875 1003 964 1044 392).
990 1003 1061 1044 (Cf.
1090 1006 1176 1040 Otto
1204 1005 1374 1044 Raebbel,
1400 1005 1454 1039 De

108 1074 175 1099 usu
204 1064 505 1099 adnominationis
534 1064 630 1104 apud
660 1064 906 1103 Romanorum
935 1067 1063 1104 poetas
1094 1061 1280 1102 comicos).
1310 1085 1351 1089 —
1381 1063 1455 1098 Sed

107 1124 180 1158 iam
202 1131 354 1163 pergam
375 1122 422 1158 ad
445 1123 612 1163 exempla
635 1122 738 1158 huius
761 1123 907 1162 generis
932 1122 1193 1157 enumeranda:

198 1195 226 1229 1.
249 1193 454 1234 Adelph.
478 1195 520 1229 57
544 1193 757 1229 liberalitate
780 1193 924 1233 liberos,
947 1194 989 1228 69
1012 1192 1169 1228 officium
1194 1192 1289 1232 facit,
1315 1193 1375 1227 165
1400 1193 1455 1226 ius

109 1253 298 1288 iurandum
322 1269 366 1278 =
391 1255 466 1293 306,
490 1255 554 1288 593
577 1253 734 1288 officium
757 1252 863 1292 facio,
885 1255 950 1287 980
972 1252 1128 1287 officium
1150 1252 1279 1293 facies;

197 1314 227 1347 2.
254 1312 397 1347 Andr.
424 1313 489 1348 964
518 1313 725 1352 gauisurum
753 1311 900 1353 gaudia;

196 1374 227 1406 3.
252 1371 361 1407 Eun.
391 1373 452 1406 134
477 1371 571 1406 forte
598 1371 741 1406 fortuna
767 1387 812 1396 =
839 1372 914 1410 568,
939 1372 1067 1405 586-7
1093 1371 1229 1405 luserat
1255 1392 1297 1395 —
1324 1370 1456 1408 ludum,

108 1431 174 1465 644
195 1429 334 1465 facinus
358 1429 498 1471 facere;

197 1491 227 1523 4.
252 1488 283 1523 H
298 1499 361 1524 ec.
385 1490 438 1529 54,
462 1490 537 1529 386,
559 1490 633 1529 644,
655 1489 730 1529 697,
754 1490 834 1530 870;

196 1550 227 1583 5.
250 1547 389 1583 Haut.
411 1547 542 1582 Trin.
568 1549 640 1587 143,
663 1548 738 1588 286,
760 1548 835 1588 624,
858 1549 932 1587 723,
956 1548 1037 1589 764;

196 1617 227 1652 6.
249 1616 349 1651 Pho
363 1626 438 1652 rm.
463 1618 502 1652 18
525 1616 642 1652 studio
667 1616 811 1656 studuit,
833 1618 896 1652 495
919 1616 1145 1652 Cantilenam
1170 1616 1323 1652 eandem
1345 1618 1456 1657 canis,

108 1676 172 1710 578
192 1675 326 1710 factum
348 1691 393 1700 =
415 1675 509 1715 facit,
530 1677 594 1710 724
616 1675 773 1710 officium
794 1675 937 1714 fecisse,
959 1678 1023 1710 739
1046 1686 1177 1710 nomen
1201 1678 1370 1715 nominat,
1392 1678 1452 1710 841

110 1733 142 1768 O
167 1733 336 1774 Fortuna,
361 1744 383 1768 0
410 1734 501 1769 Fors
526 1734 695 1769 Fortuna.

195 1813 310 1850 Multo
341 1814 488 1850 uberius
519 1816 641 1850 autem
671 1814 904 1850 Plautum
932 1817 1078 1855 poetam
1109 1815 1177 1850 hac
1207 1815 1321 1855 figura
1351 1824 1455 1850 usum

110 1882 194 1911 esse
221 1872 443 1909 videbimus:

200 1944 227 1976 1.
258 1941 395 1982 Cant.
427 1944 468 1977 67
498 1942 635 1977 iudices
664 1944 872 1982 iustissumi,
901 1944 944 1977 84
974 1944 1046 1977 ruri
1079 1944 1223 1982 ruranti,
1253 1945 1317 1977 358
1347 1942 1454 1982 Quod

108 1999 213 2035 bonis
244 2000 337 2035 bene
367 1999 408 2035 iit
437 2000 664 2036 beneficium!
698 2002 823 2036 420—1
856 2000 1019 2036 laudibus
1051 2022 1093 2027 —
1123 2001 1360 2040 conlaudauit,
1392 2002 1454 2035 297

108 2059 209 2095 Fecit
238 2059 396 2094 officium
428 2060 484 2095 hic
514 2070 628 2099 suom,
660 2062 723 2095 393
753 2062 928 2095 memoria
960 2061 1115 2100 memini,
1147 2062 1210 2095 250
1240 2059 1453 2096 Memoriter

109 2120 335 2161 meminisse;
360 2122 552 2160 praeterea
575 2119 621 2154 cf.
645 2129 701 2154 vs.
725 2121 799 2159 334,
821 2121 874 2159 39,
896 2121 970 2159 392,
992 2120 1066 2158 544,
1089 2121 1163 2158 595,
1190 2120 1260 2158 107,
1282 2121 1356 2159 247,
1380 2121 1455 2159 422,

108 2179 183 2219 ⁷74.
204 2180 279 2219 825,
300 2169 375 2218 392,
400 2179 472 2219 102,
494 2179 569 2219 356,
591 2179 672 2220 893;

197 2251 227 2284 2.
256 2247 375 2284 Men.
405 2250 444 2283 17
472 2248 588 2287 uinclo
611 2249 757 2288 uincies,
786 2250 844 2284 151
873 2258 986 2283 caueo
1013 2250 1161 2288 cautius,
1187 2250 1251 2284 292
1268 2249 1442 2285 (insane)

109 2308 286 2348 insanum,
311 2309 374 2343 447
401 2306 540 2343 facinus
566 2306 645 2347 feci,
670 2308 723 2347 20,
748 2308 824 2347 895,
849 2308 923 2347 897,
947 2308 1001 2347 38,
1026 2308 1105 2349 587;

197 2379 228 2412 3.
256 2376 353 2412 Mil.
380 2376 436 2416 gl,
462 2377 528 2412 628
555 2377 665 2411 uitam
693 2377 827 2416 uiuere,
853 2377 917 2410 773
944 2377 979 2410 in
1007 2378 1148 2411 somnio
1176 2379 1364 2417 somniaui‚
1393 2380 1457 2413 523

109 2434 334 2471 Transcurre
363 2436 549 2474 curriculo,
578 2436 642 2469 989
670 2435 831 2475 pulcram
859 2434 1145 2474 pulcritudinem,
1174 2438 1238 2470 258
1268 2436 1384 2471 Docte
1414 2457 1456 2462 --

108 2494 322 2534 perdoctam
342 2494 446 2534 dabo,
466 2495 508 2529 34
527 2494 655 2529 dentes
676 2493 846 2533 dentiant,
865 2495 929 2528 939
950 2494 1071 2529 dolum
1092 2495 1266 2535 dolamus,
1287 2497 1361 2535 726,
1382 2497 1456 2534 309,
