<?xml version="1.0" encoding="UTF-8"?>
<!DOCTYPE html PUBLIC "-//W3C//DTD XHTML 1.0 Transitional//EN"
    "http://www.w3.org/TR/xhtml1/DTD/xhtml1-transitional.dtd">
<html xmlns="http://www.w3.org/1999/xhtml" xml:lang="en" lang="en">
 <head>
  <title>
</title>
<meta http-equiv="Content-Type" content="text/html;charset=utf-8" />
  <meta name='ocr-system' content='tesseract 3.04.00' />
  <meta name='ocr-capabilities' content='ocr_page ocr_carea ocr_par ocr_line ocrx_word'/>
</head>
<body>
  <div class='ocr_page' id='page_1' title='image "./4774156_0031.png"; bbox 0 0 1740 2840; ppageno 0'>
   <div class='ocr_carea' id='block_1_1' title="bbox 814 105 965 135">
    <p class='ocr_par' dir='ltr' id='par_1_1' title="bbox 814 105 965 135">
     <span class='ocr_line' id='line_1_1' title="bbox 814 105 965 135; baseline 0 -8"><span class='ocrx_word' id='word_1_1' title='bbox 814 105 965 135; x_wconf 70' lang='lat' dir='ltr'>...m-</span> 
     </span>
    </p>
   </div>
   <div class='ocr_carea' id='block_1_2' title="bbox 193 206 1572 2321">
    <p class='ocr_par' dir='ltr' id='par_1_2' title="bbox 193 206 1572 604">
     <span class='ocr_line' id='line_1_2' title="bbox 213 206 1571 249; baseline 0.003 -9"><span class='ocrx_word' id='word_1_2' title='bbox 213 215 332 246; x_wconf 84' lang='lat' dir='ltr'>quam,</span> <span class='ocrx_word' id='word_1_3' title='bbox 351 207 416 241; x_wconf 95' lang='grc'><strong>909</strong></span> <span class='ocrx_word' id='word_1_4' title='bbox 434 206 551 242; x_wconf 87' lang='lat' dir='ltr'>malus</span> <span class='ocrx_word' id='word_1_5' title='bbox 571 216 653 242; x_wconf 87' lang='lat' dir='ltr'>eum</span> <span class='ocrx_word' id='word_1_6' title='bbox 673 206 780 247; x_wconf 88' lang='lat' dir='ltr'>malo,</span> <span class='ocrx_word' id='word_1_7' title='bbox 798 208 861 243; x_wconf 89' lang='grc'>937</span> <span class='ocrx_word' id='word_1_8' title='bbox 881 210 919 243; x_wconf 86' lang='lat' dir='ltr'>tu</span> <span class='ocrx_word' id='word_1_9' title='bbox 938 207 1011 248; x_wconf 84' lang='lat' dir='ltr'>tibi,</span> <span class='ocrx_word' id='word_1_10' title='bbox 1034 209 1117 244; x_wconf 84' lang='lat'>1013</span> <span class='ocrx_word' id='word_1_11' title='bbox 1136 207 1318 248; x_wconf 68' lang='lat' dir='ltr'>dignumst</span> <span class='ocrx_word' id='word_1_12' title='bbox 1338 218 1421 244; x_wconf 91' lang='lat' dir='ltr'>eum</span> <span class='ocrx_word' id='word_1_13' title='bbox 1440 208 1571 249; x_wconf 71' lang='lat' dir='ltr'>dignis,</span> 
     </span>
     <span class='ocr_line' id='line_1_3' title="bbox 193 264 1571 307; baseline 0.002 -7"><span class='ocrx_word' id='word_1_14' title='bbox 193 281 195 283; x_wconf 96' lang='lat'>·</span> <span class='ocrx_word' id='word_1_15' title='bbox 214 266 298 301; x_wconf 91' lang='lat'>1136</span> <span class='ocrx_word' id='word_1_16' title='bbox 319 264 534 306; x_wconf 73' lang='lat' dir='ltr'>Hthuidem</span> <span class='ocrx_word' id='word_1_17' title='bbox 555 266 602 301; x_wconf 90' lang='lat' dir='ltr'>ad</span> <span class='ocrx_word' id='word_1_18' title='bbox 625 276 684 301; x_wconf 89' lang='lat' dir='ltr'>me</span> <span class='ocrx_word' id='word_1_19' title='bbox 706 267 806 302; x_wconf 69' lang='lat' dir='ltr'>recta</span> <span class='ocrx_word' id='word_1_20' title='bbox 829 267 937 302; x_wconf 87' lang='lat' dir='ltr'>habet</span> <span class='ocrx_word' id='word_1_21' title='bbox 959 267 1097 303; x_wconf 74' lang='lat' dir='ltr'>rectam</span> <span class='ocrx_word' id='word_1_22' title='bbox 1119 269 1226 303; x_wconf 84' lang='lat' dir='ltr'>uiam.</span> <span class='ocrx_word' id='word_1_23' title='bbox 1261 269 1344 304; x_wconf 86' lang='grc'><strong>1264</strong></span> <span class='ocrx_word' id='word_1_24' title='bbox 1366 268 1476 303; x_wconf 83' lang='lat' dir='ltr'>alium</span> <span class='ocrx_word' id='word_1_25' title='bbox 1498 268 1571 307; x_wconf 84' lang='lat' dir='ltr'>alii,</span> 
     </span>
     <span class='ocr_line' id='line_1_4' title="bbox 215 325 1570 366; baseline 0.001 -6"><span class='ocrx_word' id='word_1_26' title='bbox 215 325 297 360; x_wconf 92' lang='grc'><strong>1142</strong></span> <span class='ocrx_word' id='word_1_27' title='bbox 322 334 500 365; x_wconf 86' lang='lat' dir='ltr'>praesens</span> <span class='ocrx_word' id='word_1_28' title='bbox 523 328 757 366; x_wconf 76' lang='lat' dir='ltr'>praesentem</span> <span class='ocrx_word' id='word_1_29' title='bbox 781 325 890 366; x_wconf 85' lang='lat' dir='ltr'>uidet,</span> <span class='ocrx_word' id='word_1_30' title='bbox 917 328 1085 363; x_wconf 86' lang='lat'>1259-61</span> <span class='ocrx_word' id='word_1_31' title='bbox 1113 326 1205 363; x_wconf 84' lang='lat' dir='ltr'>Nam</span> <span class='ocrx_word' id='word_1_32' title='bbox 1231 327 1288 362; x_wconf 93' lang='lat' dir='ltr'>ubi</span> <span class='ocrx_word' id='word_1_33' title='bbox 1315 336 1442 362; x_wconf 84' lang='lat' dir='ltr'>amans</span> <span class='ocrx_word' id='word_1_34' title='bbox 1467 336 1570 362; x_wconf 89' lang='lat' dir='ltr'>com-</span> 
     </span>
     <span class='ocr_line' id='line_1_5' title="bbox 212 380 1571 430; baseline 0.001 -14"><span class='ocrx_word' id='word_1_35' title='bbox 212 381 362 427; x_wconf 80' lang='lat' dir='ltr'>plexust</span> <span class='ocrx_word' id='word_1_36' title='bbox 381 383 577 424; x_wconf 88' lang='lat' dir='ltr'>amantem,</span> <span class='ocrx_word' id='word_1_37' title='bbox 604 381 669 418; x_wconf 85' lang='lat' dir='ltr'>ubl</span> <span class='ocrx_word' id='word_1_38' title='bbox 693 382 797 417; x_wconf 86' lang='lat' dir='ltr'>labra</span> <span class='ocrx_word' id='word_1_39' title='bbox 814 382 861 418; x_wconf 86' lang='lat' dir='ltr'>ad</span> <span class='ocrx_word' id='word_1_40' title='bbox 878 382 1013 418; x_wconf 77' lang='lat' dir='ltr'>labella</span> <span class='ocrx_word' id='word_1_41' title='bbox 1031 383 1210 430; x_wconf 88' lang='lat' dir='ltr'>adiungit,</span> <span class='ocrx_word' id='word_1_42' title='bbox 1234 380 1239 430; x_wconf 88' lang='grc' dir='ltr'>Ι</span> <span class='ocrx_word' id='word_1_43' title='bbox 1264 383 1335 420; x_wconf 90' lang='lat' dir='ltr'>Ubi</span> <span class='ocrx_word' id='word_1_44' title='bbox 1362 383 1451 420; x_wconf 84' lang='lat' dir='ltr'>alter</span> <span class='ocrx_word' id='word_1_45' title='bbox 1476 383 1571 419; x_wconf 89' lang='lat' dir='ltr'>alte-</span> 
     </span>
     <span class='ocr_line' id='line_1_6' title="bbox 212 440 1570 490; baseline 0.002 -14"><span class='ocrx_word' id='word_1_46' title='bbox 212 441 292 476; x_wconf 84' lang='lat' dir='ltr'>rurn</span> <span class='ocrx_word' id='word_1_47' title='bbox 321 441 472 488; x_wconf 84' lang='lat' dir='ltr'>bilingui</span> <span class='ocrx_word' id='word_1_48' title='bbox 501 440 697 483; x_wconf 70' lang='lat' dir='ltr'>manifesto</span> <span class='ocrx_word' id='word_1_49' title='bbox 717 441 811 478; x_wconf 83' lang='lat' dir='ltr'>inter</span> <span class='ocrx_word' id='word_1_50' title='bbox 830 441 870 478; x_wconf 75' lang='lat' dir='ltr'>se</span> <span class='ocrx_word' id='word_1_51' title='bbox 888 442 1134 488; x_wconf 88' lang='lat' dir='ltr'>prehendunt,</span> <span class='ocrx_word' id='word_1_52' title='bbox 1156 440 1160 490; x_wconf 83' lang='grc' dir='ltr'>Ι</span> <span class='ocrx_word' id='word_1_53' title='bbox 1184 441 1257 479; x_wconf 87' lang='lat' dir='ltr'>Ubi</span> <span class='ocrx_word' id='word_1_54' title='bbox 1274 442 1570 479; x_wconf 70' lang='lat' dir='ltr'>mammamarn-</span> 
     </span>
     <span class='ocr_line' id='line_1_7' title="bbox 216 500 1572 547; baseline 0.001 -12"><span class='ocrx_word' id='word_1_55' title='bbox 216 500 350 536; x_wconf 87' lang='lat' dir='ltr'>micula</span> <span class='ocrx_word' id='word_1_56' title='bbox 377 500 600 547; x_wconf 69' lang='lat' dir='ltr'>opprimitur</span> <span class='ocrx_word' id='word_1_57' title='bbox 626 528 635 537; x_wconf 90' lang='lat'><strong><em>.</em></strong></span> <span class='ocrx_word' id='word_1_58' title='bbox 654 528 662 537; x_wconf 91' lang='lat'><strong>.</strong></span> <span class='ocrx_word' id='word_1_59' title='bbox 681 528 688 538; x_wconf 93' lang='lat'>.</span> <span class='ocrx_word' id='word_1_60' title='bbox 709 528 717 536; x_wconf 92' lang='lat'><strong>.</strong></span> <span class='ocrx_word' id='word_1_61' title='bbox 749 501 841 537; x_wconf 88' lang='grc'><strong>1283</strong></span> <span class='ocrx_word' id='word_1_62' title='bbox 868 502 916 537; x_wconf 87' lang='lat' dir='ltr'>ab</span> <span class='ocrx_word' id='word_1_63' title='bbox 944 511 1007 537; x_wconf 91' lang='lat' dir='ltr'>ero</span> <span class='ocrx_word' id='word_1_64' title='bbox 1035 502 1082 537; x_wconf 89' lang='lat' dir='ltr'>ad</span> <span class='ocrx_word' id='word_1_65' title='bbox 1111 512 1224 543; x_wconf 86' lang='lat' dir='ltr'>erum,</span> <span class='ocrx_word' id='word_1_66' title='bbox 1256 501 1347 538; x_wconf 88' lang='lat'>1293</span> <span class='ocrx_word' id='word_1_67' title='bbox 1363 501 1425 537; x_wconf 86' lang='lat' dir='ltr'>Vir</span> <span class='ocrx_word' id='word_1_68' title='bbox 1450 501 1572 538; x_wconf 86' lang='lat' dir='ltr'>malus</span> 
     </span>
     <span class='ocr_line' id='line_1_8' title="bbox 211 564 477 604; baseline 0 -7"><span class='ocrx_word' id='word_1_69' title='bbox 211 564 289 598; x_wconf 91' lang='lat' dir='ltr'>uiro</span> <span class='ocrx_word' id='word_1_70' title='bbox 312 565 477 604; x_wconf 91' lang='lat' dir='ltr'>optumo;</span> 
     </span>
    </p>

    <p class='ocr_par' dir='ltr' id='par_1_3' title="bbox 207 620 1569 1017">
     <span class='ocr_line' id='line_1_9' title="bbox 297 620 1567 667; baseline 0.002 -12"><span class='ocrx_word' id='word_1_71' title='bbox 297 622 328 656; x_wconf 92' lang='lat'>6.</span> <span class='ocrx_word' id='word_1_72' title='bbox 351 620 381 655; x_wconf 92' lang='lat' dir='ltr'>T</span> <span class='ocrx_word' id='word_1_73' title='bbox 395 622 481 656; x_wconf 91' lang='lat' dir='ltr'>rin.</span> <span class='ocrx_word' id='word_1_74' title='bbox 505 622 548 657; x_wconf 90' lang='lat'>68</span> <span class='ocrx_word' id='word_1_75' title='bbox 570 621 692 659; x_wconf 77' lang='lat' dir='ltr'>multis</span> <span class='ocrx_word' id='word_1_76' title='bbox 715 621 876 662; x_wconf 90' lang='lat' dir='ltr'>multum,</span> <span class='ocrx_word' id='word_1_77' title='bbox 898 623 941 657; x_wconf 90' lang='grc'>78</span> <span class='ocrx_word' id='word_1_78' title='bbox 964 621 1081 657; x_wconf 89' lang='lat' dir='ltr'>bonos</span> <span class='ocrx_word' id='word_1_79' title='bbox 1105 622 1303 663; x_wconf 82' lang='lat' dir='ltr'>bonasque,</span> <span class='ocrx_word' id='word_1_80' title='bbox 1330 624 1396 667; x_wconf 36' lang='lat'>122,</span> <span class='ocrx_word' id='word_1_81' title='bbox 1412 621 1567 657; x_wconf 86' lang='lat' dir='ltr'>Malum-</span> 
     </span>
     <span class='ocr_line' id='line_1_10' title="bbox 209 677 1569 722; baseline 0.001 -7"><span class='ocrx_word' id='word_1_82' title='bbox 209 689 279 720; x_wconf 78' lang='lat' dir='ltr'>que</span> <span class='ocrx_word' id='word_1_83' title='bbox 301 701 344 705; x_wconf 89' lang='lat'><em>-</em></span> <span class='ocrx_word' id='word_1_84' title='bbox 364 689 447 715; x_wconf 91' lang='lat' dir='ltr'>cum</span> <span class='ocrx_word' id='word_1_85' title='bbox 467 701 510 705; x_wconf 98' lang='lat'><strong>—</strong></span> <span class='ocrx_word' id='word_1_86' title='bbox 532 680 639 720; x_wconf 90' lang='lat' dir='ltr'>malo,</span> <span class='ocrx_word' id='word_1_87' title='bbox 662 681 723 716; x_wconf 82' lang='lat'>153</span> <span class='ocrx_word' id='word_1_88' title='bbox 744 680 844 716; x_wconf 90' lang='lat' dir='ltr'>solus</span> <span class='ocrx_word' id='word_1_89' title='bbox 866 680 983 716; x_wconf 90' lang='lat' dir='ltr'>solum</span> <span class='ocrx_word' id='word_1_90' title='bbox 1004 677 1063 719; x_wconf 82' lang='lat' dir='ltr'>(cf.</span> <span class='ocrx_word' id='word_1_91' title='bbox 1085 680 1159 716; x_wconf 87' lang='lat' dir='ltr'>Mil.</span> <span class='ocrx_word' id='word_1_92' title='bbox 1181 681 1226 722; x_wconf 79' lang='lat' dir='ltr'>gl.</span> <span class='ocrx_word' id='word_1_93' title='bbox 1251 682 1344 721; x_wconf 89' lang='lat'>1019,</span> <span class='ocrx_word' id='word_1_94' title='bbox 1366 680 1454 716; x_wconf 82' lang='lat' dir='ltr'>Hec.</span> <span class='ocrx_word' id='word_1_95' title='bbox 1475 677 1569 720; x_wconf 84' lang='grc'><strong>557),</strong></span> 
     </span>
     <span class='ocr_line' id='line_1_11' title="bbox 208 737 1567 780; baseline 0.001 -7"><span class='ocrx_word' id='word_1_96' title='bbox 208 740 272 774; x_wconf 88' lang='grc'>284</span> <span class='ocrx_word' id='word_1_97' title='bbox 294 737 414 774; x_wconf 88' lang='lat' dir='ltr'>Malus</span> <span class='ocrx_word' id='word_1_98' title='bbox 435 738 570 775; x_wconf 91' lang='lat' dir='ltr'>bonum</span> <span class='ocrx_word' id='word_1_99' title='bbox 591 739 737 780; x_wconf 90' lang='lat' dir='ltr'>malum,</span> <span class='ocrx_word' id='word_1_100' title='bbox 760 741 824 775; x_wconf 91' lang='lat'>309</span> <span class='ocrx_word' id='word_1_101' title='bbox 847 740 962 775; x_wconf 91' lang='lat' dir='ltr'>uictor</span> <span class='ocrx_word' id='word_1_102' title='bbox 984 741 1173 780; x_wconf 90' lang='lat' dir='ltr'>uictorum,</span> <span class='ocrx_word' id='word_1_103' title='bbox 1195 742 1259 775; x_wconf 86' lang='lat'>323</span> <span class='ocrx_word' id='word_1_104' title='bbox 1281 739 1480 776; x_wconf 77' lang='lat' dir='ltr'>Benefacta</span> <span class='ocrx_word' id='word_1_105' title='bbox 1502 740 1567 775; x_wconf 91' lang='lat' dir='ltr'>be-</span> 
     </span>
     <span class='ocr_line' id='line_1_12' title="bbox 208 797 1568 838; baseline 0.001 -6"><span class='ocrx_word' id='word_1_106' title='bbox 208 797 374 837; x_wconf 75' lang='lat' dir='ltr'>nefactis,</span> <span class='ocrx_word' id='word_1_107' title='bbox 396 799 463 832; x_wconf 93' lang='grc'>902</span> <span class='ocrx_word' id='word_1_108' title='bbox 486 797 515 832; x_wconf 88' lang='lat' dir='ltr'>E</span> <span class='ocrx_word' id='word_1_109' title='bbox 539 797 705 833; x_wconf 92' lang='lat' dir='ltr'>manibus</span> <span class='ocrx_word' id='word_1_110' title='bbox 730 819 773 824; x_wconf 97' lang='lat'><strong>—</strong></span> <span class='ocrx_word' id='word_1_111' title='bbox 797 799 832 832; x_wconf 91' lang='lat' dir='ltr'>in</span> <span class='ocrx_word' id='word_1_112' title='bbox 857 807 997 838; x_wconf 85' lang='lat' dir='ltr'>manus,</span> <span class='ocrx_word' id='word_1_113' title='bbox 1024 799 1107 833; x_wconf 84' lang='lat'>1049</span> <span class='ocrx_word' id='word_1_114' title='bbox 1134 808 1180 833; x_wconf 87' lang='lat' dir='ltr'>ex</span> <span class='ocrx_word' id='word_1_115' title='bbox 1203 799 1347 838; x_wconf 75' lang='lat' dir='ltr'>ingenio</span> <span class='ocrx_word' id='word_1_116' title='bbox 1372 799 1568 838; x_wconf 76' lang='lat' dir='ltr'>ingenium,</span> 
     </span>
     <span class='ocr_line' id='line_1_13' title="bbox 210 854 1563 898; baseline 0.001 -7"><span class='ocrx_word' id='word_1_117' title='bbox 210 857 294 892; x_wconf 91' lang='lat'>1069</span> <span class='ocrx_word' id='word_1_118' title='bbox 321 856 424 896; x_wconf 78' lang='lat' dir='ltr'>Hem,</span> <span class='ocrx_word' id='word_1_119' title='bbox 452 858 531 897; x_wconf 82' lang='lat' dir='ltr'>quis</span> <span class='ocrx_word' id='word_1_120' title='bbox 557 859 614 892; x_wconf 91' lang='lat' dir='ltr'>est</span> <span class='ocrx_word' id='word_1_121' title='bbox 638 858 698 898; x_wconf 83' lang='lat' dir='ltr'>qui</span> <span class='ocrx_word' id='word_1_122' title='bbox 724 857 945 893; x_wconf 75' lang='lat' dir='ltr'>mentionem</span> <span class='ocrx_word' id='word_1_123' title='bbox 970 857 1079 893; x_wconf 92' lang='lat' dir='ltr'>homo</span> <span class='ocrx_word' id='word_1_124' title='bbox 1105 854 1261 893; x_wconf 76' lang='lat' dir='ltr'>hominis</span> <span class='ocrx_word' id='word_1_125' title='bbox 1287 857 1374 893; x_wconf 82' lang='lat' dir='ltr'>fecit</span> <span class='ocrx_word' id='word_1_126' title='bbox 1399 856 1563 898; x_wconf 80' lang='lat' dir='ltr'>optumi?</span> 
     </span>
     <span class='ocr_line' id='line_1_14' title="bbox 210 914 1566 957; baseline 0 -6"><span class='ocrx_word' id='word_1_127' title='bbox 210 917 293 951; x_wconf 83' lang='grc'><strong>1078</strong></span> <span class='ocrx_word' id='word_1_128' title='bbox 318 919 356 951; x_wconf 86' lang='lat' dir='ltr'>tu</span> <span class='ocrx_word' id='word_1_129' title='bbox 382 919 429 956; x_wconf 90' lang='lat' dir='ltr'>te,</span> <span class='ocrx_word' id='word_1_130' title='bbox 457 918 539 952; x_wconf 89' lang='lat'>1115</span> <span class='ocrx_word' id='word_1_131' title='bbox 564 916 631 952; x_wconf 82' lang='lat' dir='ltr'>Hic</span> <span class='ocrx_word' id='word_1_132' title='bbox 657 914 805 952; x_wconf 82' lang='lat' dir='ltr'>hom6st</span> <span class='ocrx_word' id='word_1_133' title='bbox 831 917 991 952; x_wconf 90' lang='lat' dir='ltr'>omnium</span> <span class='ocrx_word' id='word_1_134' title='bbox 1016 917 1199 952; x_wconf 90' lang='lat' dir='ltr'>hominum</span> <span class='ocrx_word' id='word_1_135' title='bbox 1224 917 1452 957; x_wconf 79' lang='lat' dir='ltr'>praecipuos,</span> <span class='ocrx_word' id='word_1_136' title='bbox 1482 918 1566 951; x_wconf 92' lang='lat'>1119</span> 
     </span>
     <span class='ocr_line' id='line_1_15' title="bbox 207 975 1096 1017; baseline 0.001 -7"><span class='ocrx_word' id='word_1_137' title='bbox 207 975 348 1015; x_wconf 79' lang='lat' dir='ltr'>gaudiis</span> <span class='ocrx_word' id='word_1_138' title='bbox 374 975 555 1017; x_wconf 82' lang='lat' dir='ltr'>gaudium,</span> <span class='ocrx_word' id='word_1_139' title='bbox 581 977 664 1012; x_wconf 88' lang='lat'>1185</span> <span class='ocrx_word' id='word_1_140' title='bbox 688 975 840 1012; x_wconf 89' lang='lat' dir='ltr'>Miseria</span> <span class='ocrx_word' id='word_1_141' title='bbox 879 981 986 1014; x_wconf 91' lang='lat' dir='ltr'>&lt;una&gt;</span> <span class='ocrx_word' id='word_1_142' title='bbox 1025 977 1096 1011; x_wconf 91' lang='lat' dir='ltr'>uni.</span> 
     </span>
    </p>

    <p class='ocr_par' dir='ltr' id='par_1_4' title="bbox 206 1045 1566 1377">
     <span class='ocr_line' id='line_1_16' title="bbox 296 1045 1566 1085; baseline 0 -5"><span class='ocrx_word' id='word_1_143' title='bbox 296 1045 374 1080; x_wconf 92' lang='lat' dir='ltr'>Non</span> <span class='ocrx_word' id='word_1_144' title='bbox 406 1056 490 1080; x_wconf 93' lang='lat' dir='ltr'>raro</span> <span class='ocrx_word' id='word_1_145' title='bbox 518 1049 641 1081; x_wconf 88' lang='lat' dir='ltr'>autem</span> <span class='ocrx_word' id='word_1_146' title='bbox 671 1047 780 1081; x_wconf 87' lang='lat' dir='ltr'>etiam</span> <span class='ocrx_word' id='word_1_147' title='bbox 810 1046 940 1082; x_wconf 91' lang='lat' dir='ltr'>eadem</span> <span class='ocrx_word' id='word_1_148' title='bbox 968 1046 1147 1081; x_wconf 85' lang='lat' dir='ltr'>vocabula</span> <span class='ocrx_word' id='word_1_149' title='bbox 1176 1047 1381 1081; x_wconf 85' lang='lat' dir='ltr'>invenimus</span> <span class='ocrx_word' id='word_1_150' title='bbox 1411 1046 1566 1085; x_wconf 87' lang='lat' dir='ltr'>repetita</span> 
     </span>
     <span class='ocr_line' id='line_1_17' title="bbox 206 1103 1566 1144; baseline 0.001 -6"><span class='ocrx_word' id='word_1_151' title='bbox 206 1105 490 1139; x_wconf 88' lang='lat' dir='ltr'>commutatione</span> <span class='ocrx_word' id='word_1_152' title='bbox 515 1113 667 1139; x_wconf 90' lang='lat' dir='ltr'>casuum</span> <span class='ocrx_word' id='word_1_153' title='bbox 693 1103 754 1138; x_wconf 94' lang='lat' dir='ltr'>vel</span> <span class='ocrx_word' id='word_1_154' title='bbox 779 1112 916 1144; x_wconf 80' lang='lat' dir='ltr'>genere</span> <span class='ocrx_word' id='word_1_155' title='bbox 941 1106 1091 1144; x_wconf 82' lang='lat' dir='ltr'>mutato,</span> <span class='ocrx_word' id='word_1_156' title='bbox 1118 1103 1184 1139; x_wconf 91' lang='lat' dir='ltr'>sed</span> <span class='ocrx_word' id='word_1_157' title='bbox 1210 1103 1566 1144; x_wconf 84' lang='lat' dir='ltr'>compluribus</span> 
     </span>
     <span class='ocr_line' id='line_1_18' title="bbox 206 1163 1563 1205; baseline 0 -6"><span class='ocrx_word' id='word_1_158' title='bbox 206 1164 386 1199; x_wconf 91' lang='lat' dir='ltr'>verbis</span> <span class='ocrx_word' id='word_1_159' title='bbox 416 1165 735 1204; x_wconf 90' lang='lat' dir='ltr'>interiectis,</span> <span class='ocrx_word' id='word_1_160' title='bbox 764 1173 856 1205; x_wconf 83' lang='lat' dir='ltr'>quae</span> <span class='ocrx_word' id='word_1_161' title='bbox 887 1164 976 1199; x_wconf 88' lang='lat' dir='ltr'>tanti</span> <span class='ocrx_word' id='word_1_162' title='bbox 1004 1163 1149 1205; x_wconf 84' lang='lat' dir='ltr'>quidem</span> <span class='ocrx_word' id='word_1_163' title='bbox 1178 1165 1350 1199; x_wconf 87' lang='lat' dir='ltr'>momenti</span> <span class='ocrx_word' id='word_1_164' title='bbox 1378 1174 1450 1199; x_wconf 91' lang='lat' dir='ltr'>non</span> <span class='ocrx_word' id='word_1_165' title='bbox 1480 1166 1563 1199; x_wconf 88' lang='lat' dir='ltr'>sunt</span> 
     </span>
     <span class='ocr_line' id='line_1_19' title="bbox 206 1223 1565 1264; baseline -0.001 -6"><span class='ocrx_word' id='word_1_166' title='bbox 206 1226 244 1258; x_wconf 88' lang='lat' dir='ltr'>ut</span> <span class='ocrx_word' id='word_1_167' title='bbox 269 1224 395 1263; x_wconf 80' lang='lat' dir='ltr'>figura,</span> <span class='ocrx_word' id='word_1_168' title='bbox 422 1233 530 1264; x_wconf 82' lang='lat' dir='ltr'>quam</span> <span class='ocrx_word' id='word_1_169' title='bbox 556 1223 665 1258; x_wconf 91' lang='lat' dir='ltr'>modo</span> <span class='ocrx_word' id='word_1_170' title='bbox 691 1224 858 1263; x_wconf 88' lang='lat' dir='ltr'>tractavi,</span> <span class='ocrx_word' id='word_1_171' title='bbox 884 1223 991 1258; x_wconf 88' lang='lat' dir='ltr'>nihilo</span> <span class='ocrx_word' id='word_1_172' title='bbox 1017 1224 1129 1258; x_wconf 91' lang='lat' dir='ltr'>setius</span> <span class='ocrx_word' id='word_1_173' title='bbox 1157 1226 1279 1258; x_wconf 90' lang='lat' dir='ltr'>autem</span> <span class='ocrx_word' id='word_1_174' title='bbox 1305 1223 1461 1263; x_wconf 82' lang='lat' dir='ltr'>aliquam</span> <span class='ocrx_word' id='word_1_175' title='bbox 1486 1223 1565 1257; x_wconf 88' lang='lat' dir='ltr'>vim</span> 
     </span>
     <span class='ocr_line' id='line_1_20' title="bbox 206 1281 1563 1323; baseline -0.001 -5"><span class='ocrx_word' id='word_1_176' title='bbox 206 1284 240 1318; x_wconf 91' lang='lat' dir='ltr'>in</span> <span class='ocrx_word' id='word_1_177' title='bbox 267 1292 308 1319; x_wconf 93' lang='lat' dir='ltr'>se</span> <span class='ocrx_word' id='word_1_178' title='bbox 335 1283 471 1318; x_wconf 90' lang='lat' dir='ltr'>habere</span> <span class='ocrx_word' id='word_1_179' title='bbox 498 1282 678 1318; x_wconf 90' lang='lat' dir='ltr'>videntur.</span> <span class='ocrx_word' id='word_1_180' title='bbox 707 1282 910 1323; x_wconf 82' lang='lat' dir='ltr'>Propterea</span> <span class='ocrx_word' id='word_1_181' title='bbox 937 1283 1046 1318; x_wconf 84' lang='lat' dir='ltr'>etiam</span> <span class='ocrx_word' id='word_1_182' title='bbox 1073 1282 1163 1318; x_wconf 90' lang='lat' dir='ltr'>haec</span> <span class='ocrx_word' id='word_1_183' title='bbox 1191 1282 1358 1323; x_wconf 89' lang='lat' dir='ltr'>exempla</span> <span class='ocrx_word' id='word_1_184' title='bbox 1386 1282 1455 1317; x_wconf 90' lang='lat' dir='ltr'>hoc</span> <span class='ocrx_word' id='word_1_185' title='bbox 1481 1281 1563 1317; x_wconf 92' lang='lat' dir='ltr'>loco</span> 
     </span>
     <span class='ocr_line' id='line_1_21' title="bbox 206 1333 1432 1377; baseline -0.004 0"><span class='ocrx_word' id='word_1_186' title='bbox 206 1342 352 1377; x_wconf 84' lang='lat' dir='ltr'>adferre</span> <span class='ocrx_word' id='word_1_187' title='bbox 376 1342 498 1377; x_wconf 90' lang='lat' dir='ltr'>velim.</span> <span class='ocrx_word' id='word_1_188' title='bbox 1429 1333 1432 1337; x_wconf 74' lang='grc'>’</span> 
     </span>
    </p>

    <p class='ocr_par' dir='ltr' id='par_1_5' title="bbox 203 1406 1562 1684">
     <span class='ocr_line' id='line_1_22' title="bbox 297 1406 1562 1450; baseline -0.001 -6"><span class='ocrx_word' id='word_1_189' title='bbox 297 1412 324 1445; x_wconf 91' lang='grc'>1.</span> <span class='ocrx_word' id='word_1_190' title='bbox 354 1409 560 1450; x_wconf 84' lang='lat' dir='ltr'>Adelph.</span> <span class='ocrx_word' id='word_1_191' title='bbox 588 1411 763 1444; x_wconf 85' lang='lat'>84—5...</span> <span class='ocrx_word' id='word_1_192' title='bbox 792 1419 899 1450; x_wconf 84' lang='lat' dir='ltr'>quem</span> <span class='ocrx_word' id='word_1_193' title='bbox 929 1406 1047 1449; x_wconf 73' lang='lat' dir='ltr'>neque</span> <span class='ocrx_word' id='word_1_194' title='bbox 1078 1408 1189 1450; x_wconf 91' lang='lat' dir='ltr'>pudet</span> <span class='ocrx_word' id='word_1_195' title='bbox 1218 1406 1232 1446; x_wconf 83' lang='lat' dir='ltr'><em>l</em></span> <span class='ocrx_word' id='word_1_196' title='bbox 1262 1410 1463 1449; x_wconf 83' lang='lat' dir='ltr'>quicquam,</span> <span class='ocrx_word' id='word_1_197' title='bbox 1494 1418 1562 1443; x_wconf 86' lang='lat' dir='ltr'>nee</span> 
     </span>
     <span class='ocr_line' id='line_1_23' title="bbox 205 1465 1561 1509; baseline -0.001 -6"><span class='ocrx_word' id='word_1_198' title='bbox 205 1470 332 1503; x_wconf 89' lang='lat' dir='ltr'>metuit</span> <span class='ocrx_word' id='word_1_199' title='bbox 360 1478 643 1509; x_wconf 84' lang='lat' dir='ltr'>quemquam...</span> <span class='ocrx_word' id='word_1_200' title='bbox 677 1469 739 1502; x_wconf 90' lang='grc'>162</span> <span class='ocrx_word' id='word_1_201' title='bbox 766 1471 802 1502; x_wconf 89' lang='lat' dir='ltr'>tu</span> <span class='ocrx_word' id='word_1_202' title='bbox 834 1467 930 1508; x_wconf 81' lang='lat' dir='ltr'>quod</span> <span class='ocrx_word' id='word_1_203' title='bbox 960 1470 995 1502; x_wconf 91' lang='lat' dir='ltr'>te</span> <span class='ocrx_word' id='word_1_204' title='bbox 1026 1465 1210 1508; x_wconf 74' lang='lat' dir='ltr'>posterius</span> <span class='ocrx_word' id='word_1_205' title='bbox 1241 1476 1386 1508; x_wconf 84' lang='lat' dir='ltr'>purges,</span> <span class='ocrx_word' id='word_1_206' title='bbox 1498 1467 1561 1501; x_wconf 91' lang='grc'>297</span> 
     </span>
     <span class='ocr_line' id='line_1_24' title="bbox 204 1522 1562 1566; baseline -0.001 -5"><span class='ocrx_word' id='word_1_207' title='bbox 204 1527 324 1566; x_wconf 89' lang='lat' dir='ltr'>talem,</span> <span class='ocrx_word' id='word_1_208' title='bbox 346 1526 406 1561; x_wconf 86' lang='lat' dir='ltr'>tali</span> <span class='ocrx_word' id='word_1_209' title='bbox 427 1536 573 1566; x_wconf 82' lang='lat' dir='ltr'>genere,</span> <span class='ocrx_word' id='word_1_210' title='bbox 594 1527 721 1561; x_wconf 91' lang='lat'>330—1</span> <span class='ocrx_word' id='word_1_211' title='bbox 745 1528 956 1561; x_wconf 89' lang='lat' dir='ltr'>nostrumne</span> <span class='ocrx_word' id='word_1_212' title='bbox 975 1523 1208 1565; x_wconf 71' lang='lat' dir='ltr'>Aeschinum,</span> <span class='ocrx_word' id='word_1_213' title='bbox 1227 1522 1242 1563; x_wconf 80' lang='lat' dir='ltr'><em>l</em></span> <span class='ocrx_word' id='word_1_214' title='bbox 1264 1523 1429 1560; x_wconf 63' lang='lat' dir='ltr'>nostram</span> <span class='ocrx_word' id='word_1_215' title='bbox 1450 1526 1562 1560; x_wconf 85' lang='lat' dir='ltr'>uitam</span> 
     </span>
     <span class='ocr_line' id='line_1_25' title="bbox 204 1581 1561 1626; baseline -0.001 -6"><span class='ocrx_word' id='word_1_216' title='bbox 204 1586 374 1625; x_wconf 90' lang='lat' dir='ltr'>omniurn,</span> <span class='ocrx_word' id='word_1_217' title='bbox 402 1586 435 1620; x_wconf 90' lang='lat' dir='ltr'>in</span> <span class='ocrx_word' id='word_1_218' title='bbox 464 1595 534 1626; x_wconf 84' lang='lat' dir='ltr'>quo</span> <span class='ocrx_word' id='word_1_219' title='bbox 564 1588 712 1620; x_wconf 90' lang='lat' dir='ltr'>nostrae</span> <span class='ocrx_word' id='word_1_220' title='bbox 740 1582 829 1625; x_wconf 75' lang='lat' dir='ltr'>spes</span> <span class='ocrx_word' id='word_1_221' title='bbox 855 1594 1018 1625; x_wconf 78' lang='lat' dir='ltr'>opesque</span> <span class='ocrx_word' id='word_1_222' title='bbox 1045 1582 1174 1620; x_wconf 77' lang='lat' dir='ltr'>omnes</span> <span class='ocrx_word' id='word_1_223' title='bbox 1203 1586 1295 1620; x_wconf 92' lang='lat' dir='ltr'>sitae</span> <span class='ocrx_word' id='word_1_224' title='bbox 1323 1581 1337 1622; x_wconf 77' lang='lat' dir='ltr'>l</span> <span class='ocrx_word' id='word_1_225' title='bbox 1366 1584 1483 1619; x_wconf 92' lang='lat' dir='ltr'>erant!</span> <span class='ocrx_word' id='word_1_226' title='bbox 1515 1583 1561 1618; x_wconf 78' lang='lat' dir='ltr'>cf.</span> 
     </span>
     <span class='ocr_line' id='line_1_26' title="bbox 203 1645 582 1684; baseline -0.003 -5"><span class='ocrx_word' id='word_1_227' title='bbox 203 1647 397 1684; x_wconf 84' lang='lat' dir='ltr'>praeterea</span> <span class='ocrx_word' id='word_1_228' title='bbox 421 1653 477 1679; x_wconf 90' lang='lat' dir='ltr'>vs.</span> <span class='ocrx_word' id='word_1_229' title='bbox 502 1645 582 1684; x_wconf 84' lang='lat'>436;</span> 
     </span>
    </p>

    <p class='ocr_par' dir='ltr' id='par_1_6' title="bbox 206 1708 1562 1811">
     <span class='ocr_line' id='line_1_27' title="bbox 292 1708 1562 1751; baseline -0.001 -4"><span class='ocrx_word' id='word_1_230' title='bbox 292 1715 321 1748; x_wconf 89' lang='grc'>2.</span> <span class='ocrx_word' id='word_1_231' title='bbox 348 1712 493 1748; x_wconf 86' lang='lat' dir='ltr'>Andr.</span> <span class='ocrx_word' id='word_1_232' title='bbox 523 1713 584 1748; x_wconf 87' lang='lat'>126</span> <span class='ocrx_word' id='word_1_233' title='bbox 609 1710 705 1748; x_wconf 82' lang='lat' dir='ltr'>Hinc</span> <span class='ocrx_word' id='word_1_234' title='bbox 732 1712 812 1748; x_wconf 88' lang='lat' dir='ltr'>illae</span> <span class='ocrx_word' id='word_1_235' title='bbox 840 1712 1035 1751; x_wconf 86' lang='lat' dir='ltr'>lacrumae,</span> <span class='ocrx_word' id='word_1_236' title='bbox 1061 1712 1151 1747; x_wconf 92' lang='lat' dir='ltr'>haec</span> <span class='ocrx_word' id='word_1_237' title='bbox 1176 1711 1271 1747; x_wconf 90' lang='lat' dir='ltr'>illast</span> <span class='ocrx_word' id='word_1_238' title='bbox 1297 1708 1562 1750; x_wconf 76' lang='lat' dir='ltr'>misericordia,</span> 
     </span>
     <span class='ocr_line' id='line_1_28' title="bbox 206 1770 1495 1811; baseline -0.002 -5"><span class='ocrx_word' id='word_1_239' title='bbox 206 1773 278 1810; x_wconf 83' lang='lat'>164,</span> <span class='ocrx_word' id='word_1_240' title='bbox 302 1773 374 1811; x_wconf 90' lang='grc'><strong>189,</strong></span> <span class='ocrx_word' id='word_1_241' title='bbox 393 1773 467 1810; x_wconf 88' lang='grc'><strong>215,</strong></span> <span class='ocrx_word' id='word_1_242' title='bbox 486 1773 561 1810; x_wconf 90' lang='grc'><strong>312,</strong></span> <span class='ocrx_word' id='word_1_243' title='bbox 581 1772 657 1810; x_wconf 90' lang='grc'><strong>430,</strong></span> <span class='ocrx_word' id='word_1_244' title='bbox 678 1772 753 1810; x_wconf 90' lang='grc'><strong>446,</strong></span> <span class='ocrx_word' id='word_1_245' title='bbox 775 1771 851 1809; x_wconf 87' lang='grc'><strong>540,</strong></span> <span class='ocrx_word' id='word_1_246' title='bbox 871 1771 946 1809; x_wconf 91' lang='grc'><strong>572,</strong></span> <span class='ocrx_word' id='word_1_247' title='bbox 966 1771 1042 1809; x_wconf 88' lang='grc'><strong>590,</strong></span> <span class='ocrx_word' id='word_1_248' title='bbox 1062 1771 1138 1809; x_wconf 90' lang='grc'><strong>615,</strong></span> <span class='ocrx_word' id='word_1_249' title='bbox 1158 1770 1234 1809; x_wconf 91' lang='grc'><strong>786,</strong></span> <span class='ocrx_word' id='word_1_250' title='bbox 1252 1771 1328 1808; x_wconf 89' lang='grc'><strong>872,</strong></span> <span class='ocrx_word' id='word_1_251' title='bbox 1348 1771 1495 1810; x_wconf 89' lang='grc'><strong>890-1;</strong></span> 
     </span>
    </p>

    <p class='ocr_par' dir='ltr' id='par_1_7' title="bbox 201 1838 1560 1939">
     <span class='ocr_line' id='line_1_29' title="bbox 291 1838 1560 1879; baseline -0.001 -5"><span class='ocrx_word' id='word_1_252' title='bbox 291 1841 321 1874; x_wconf 92' lang='grc'><strong>3.</strong></span> <span class='ocrx_word' id='word_1_253' title='bbox 347 1839 379 1874; x_wconf 81' lang='grc' dir='ltr'>Η</span> <span class='ocrx_word' id='word_1_254' title='bbox 393 1849 449 1875; x_wconf 91' lang='lat' dir='ltr'>au</span> <span class='ocrx_word' id='word_1_255' title='bbox 463 1842 487 1875; x_wconf 93' lang='lat' dir='ltr'>t.</span> <span class='ocrx_word' id='word_1_256' title='bbox 511 1838 541 1874; x_wconf 96' lang='lat' dir='ltr'>T</span> <span class='ocrx_word' id='word_1_257' title='bbox 555 1840 625 1875; x_wconf 90' lang='lat' dir='ltr'>im.</span> <span class='ocrx_word' id='word_1_258' title='bbox 652 1840 724 1879; x_wconf 84' lang='lat'>149,</span> <span class='ocrx_word' id='word_1_259' title='bbox 748 1840 824 1879; x_wconf 85' lang='lat'>284,</span> <span class='ocrx_word' id='word_1_260' title='bbox 849 1839 1029 1878; x_wconf 86' lang='lat'>562-593,</span> <span class='ocrx_word' id='word_1_261' title='bbox 1054 1839 1129 1879; x_wconf 88' lang='grc'><strong>622,</strong></span> <span class='ocrx_word' id='word_1_262' title='bbox 1154 1839 1296 1879; x_wconf 89' lang='grc'><strong>632-3,</strong></span> <span class='ocrx_word' id='word_1_263' title='bbox 1320 1839 1384 1874; x_wconf 93' lang='grc'>677</span> <span class='ocrx_word' id='word_1_264' title='bbox 1411 1840 1560 1879; x_wconf 89' lang='lat' dir='ltr'>optume</span> 
     </span>
     <span class='ocr_line' id='line_1_30' title="bbox 201 1896 1427 1939; baseline -0.002 -6"><span class='ocrx_word' id='word_1_265' title='bbox 201 1896 318 1938; x_wconf 90' lang='lat' dir='ltr'>(adv.)</span> <span class='ocrx_word' id='word_1_266' title='bbox 342 1920 384 1925; x_wconf 90' lang='lat'><em>-</em></span> <span class='ocrx_word' id='word_1_267' title='bbox 407 1902 603 1939; x_wconf 91' lang='lat' dir='ltr'>optumam,</span> <span class='ocrx_word' id='word_1_268' title='bbox 623 1900 698 1937; x_wconf 90' lang='lat'>710,</span> <span class='ocrx_word' id='word_1_269' title='bbox 720 1900 795 1937; x_wconf 87' lang='grc'><strong>751,</strong></span> <span class='ocrx_word' id='word_1_270' title='bbox 817 1899 892 1937; x_wconf 87' lang='grc'><strong>706,</strong></span> <span class='ocrx_word' id='word_1_271' title='bbox 913 1899 988 1936; x_wconf 92' lang='grc'><strong>796,</strong></span> <span class='ocrx_word' id='word_1_272' title='bbox 1010 1899 1085 1936; x_wconf 91' lang='grc'><strong>869,</strong></span> <span class='ocrx_word' id='word_1_273' title='bbox 1108 1899 1184 1936; x_wconf 87' lang='grc'><strong>955,</strong></span> <span class='ocrx_word' id='word_1_274' title='bbox 1210 1899 1303 1936; x_wconf 89' lang='grc'><strong>1016,</strong></span> <span class='ocrx_word' id='word_1_275' title='bbox 1328 1899 1427 1937; x_wconf 89' lang='grc'><strong>1040;</strong></span> 
     </span>
    </p>

    <p class='ocr_par' dir='ltr' id='par_1_8' title="bbox 201 1964 1561 2065">
     <span class='ocr_line' id='line_1_31' title="bbox 291 1964 1561 2005; baseline 0.002 -5"><span class='ocrx_word' id='word_1_276' title='bbox 291 1966 321 2000; x_wconf 94' lang='grc'>4.</span> <span class='ocrx_word' id='word_1_277' title='bbox 348 1965 457 2000; x_wconf 82' lang='grc' dir='ltr'><strong>Ειιη.</strong></span> <span class='ocrx_word' id='word_1_278' title='bbox 483 1967 514 2005; x_wconf 92' lang='grc'>8,</span> <span class='ocrx_word' id='word_1_279' title='bbox 539 1966 593 2005; x_wconf 92' lang='grc'>65,</span> <span class='ocrx_word' id='word_1_280' title='bbox 621 1966 693 2005; x_wconf 89' lang='grc'><strong>158,</strong></span> <span class='ocrx_word' id='word_1_281' title='bbox 721 1966 792 2005; x_wconf 95' lang='grc'><strong>195,</strong></span> <span class='ocrx_word' id='word_1_282' title='bbox 818 1966 892 2005; x_wconf 89' lang='grc'><strong>228,</strong></span> <span class='ocrx_word' id='word_1_283' title='bbox 918 1965 991 2005; x_wconf 88' lang='grc'><strong>231,</strong></span> <span class='ocrx_word' id='word_1_284' title='bbox 1018 1966 1092 2004; x_wconf 88' lang='grc'><strong>233,</strong></span> <span class='ocrx_word' id='word_1_285' title='bbox 1117 1965 1191 2004; x_wconf 92' lang='grc'><strong>254,</strong></span> <span class='ocrx_word' id='word_1_286' title='bbox 1216 1965 1290 2004; x_wconf 88' lang='grc'><strong>372,</strong></span> <span class='ocrx_word' id='word_1_287' title='bbox 1317 1965 1391 2004; x_wconf 90' lang='grc'><strong>419,</strong></span> <span class='ocrx_word' id='word_1_288' title='bbox 1416 1964 1561 2003; x_wconf 79' lang='grc'><strong>445-6,</strong></span> 
     </span>
     <span class='ocr_line' id='line_1_32' title="bbox 201 2026 1028 2065; baseline -0.002 -4"><span class='ocrx_word' id='word_1_289' title='bbox 201 2026 277 2065; x_wconf 92' lang='grc'><strong>516,</strong></span> <span class='ocrx_word' id='word_1_290' title='bbox 298 2026 373 2065; x_wconf 92' lang='grc'><strong>572,</strong></span> <span class='ocrx_word' id='word_1_291' title='bbox 394 2026 469 2065; x_wconf 90' lang='grc'><strong>739,</strong></span> <span class='ocrx_word' id='word_1_292' title='bbox 491 2026 566 2065; x_wconf 90' lang='grc'><strong>746,</strong></span> <span class='ocrx_word' id='word_1_293' title='bbox 590 2026 665 2064; x_wconf 90' lang='grc'><strong>790,</strong></span> <span class='ocrx_word' id='word_1_294' title='bbox 692 2026 785 2064; x_wconf 93' lang='grc'><strong>1004,</strong></span> <span class='ocrx_word' id='word_1_295' title='bbox 811 2026 905 2064; x_wconf 89' lang='grc'><strong>1025,</strong></span> <span class='ocrx_word' id='word_1_296' title='bbox 930 2026 1028 2065; x_wconf 88' lang='grc'><strong>1057;</strong></span> 
     </span>
    </p>

    <p class='ocr_par' dir='ltr' id='par_1_9' title="bbox 199 2092 1559 2193">
     <span class='ocr_line' id='line_1_33' title="bbox 289 2092 1559 2133; baseline 0.001 -5"><span class='ocrx_word' id='word_1_297' title='bbox 289 2095 321 2128; x_wconf 92' lang='grc'><strong>5.</strong></span> <span class='ocrx_word' id='word_1_298' title='bbox 344 2093 377 2127; x_wconf 82' lang='lat' dir='ltr'>H</span> <span class='ocrx_word' id='word_1_299' title='bbox 391 2103 455 2128; x_wconf 90' lang='lat' dir='ltr'>ec.</span> <span class='ocrx_word' id='word_1_300' title='bbox 482 2095 509 2132; x_wconf 89' lang='lat'>1,</span> <span class='ocrx_word' id='word_1_301' title='bbox 536 2095 608 2133; x_wconf 89' lang='grc'><strong>140,</strong></span> <span class='ocrx_word' id='word_1_302' title='bbox 630 2094 705 2132; x_wconf 88' lang='grc'><strong>262,</strong></span> <span class='ocrx_word' id='word_1_303' title='bbox 726 2094 802 2132; x_wconf 90' lang='grc'><strong>285,</strong></span> <span class='ocrx_word' id='word_1_304' title='bbox 826 2093 901 2131; x_wconf 91' lang='grc'><strong>324,</strong></span> <span class='ocrx_word' id='word_1_305' title='bbox 923 2093 998 2132; x_wconf 91' lang='grc'><strong>445,</strong></span> <span class='ocrx_word' id='word_1_306' title='bbox 1021 2093 1096 2131; x_wconf 88' lang='grc'><strong>496,</strong></span> <span class='ocrx_word' id='word_1_307' title='bbox 1120 2093 1195 2131; x_wconf 87' lang='grc'><strong>524,</strong></span> <span class='ocrx_word' id='word_1_308' title='bbox 1219 2092 1294 2131; x_wconf 92' lang='grc'><strong>567,</strong></span> <span class='ocrx_word' id='word_1_309' title='bbox 1317 2092 1392 2130; x_wconf 90' lang='grc'><strong>598,</strong></span> <span class='ocrx_word' id='word_1_310' title='bbox 1415 2092 1559 2129; x_wconf 90' lang='grc'><strong>640-1,</strong></span> 
     </span>
     <span class='ocr_line' id='line_1_34' title="bbox 199 2153 380 2193; baseline -0.011 -4"><span class='ocrx_word' id='word_1_311' title='bbox 199 2154 275 2193; x_wconf 88' lang='grc'><strong>643,</strong></span> <span class='ocrx_word' id='word_1_312' title='bbox 298 2153 380 2193; x_wconf 87' lang='grc'><strong>769;</strong></span> 
     </span>
    </p>

    <p class='ocr_par' dir='ltr' id='par_1_10' title="bbox 199 2219 1560 2321">
     <span class='ocr_line' id='line_1_35' title="bbox 288 2219 1560 2261; baseline 0.001 -5"><span class='ocrx_word' id='word_1_313' title='bbox 288 2223 319 2257; x_wconf 92' lang='grc'>6.</span> <span class='ocrx_word' id='word_1_314' title='bbox 346 2221 538 2256; x_wconf 87' lang='lat' dir='ltr'>Phorm.</span> <span class='ocrx_word' id='word_1_315' title='bbox 569 2222 641 2261; x_wconf 92' lang='lat'>108,</span> <span class='ocrx_word' id='word_1_316' title='bbox 670 2221 742 2260; x_wconf 92' lang='lat'>188,</span> <span class='ocrx_word' id='word_1_317' title='bbox 769 2221 843 2260; x_wconf 92' lang='grc'><strong>232,</strong></span> <span class='ocrx_word' id='word_1_318' title='bbox 869 2220 943 2259; x_wconf 92' lang='grc'><strong>264,</strong></span> <span class='ocrx_word' id='word_1_319' title='bbox 970 2220 1045 2259; x_wconf 89' lang='grc'><strong>390,</strong></span> <span class='ocrx_word' id='word_1_320' title='bbox 1073 2220 1148 2259; x_wconf 90' lang='grc'><strong>405,</strong></span> <span class='ocrx_word' id='word_1_321' title='bbox 1174 2220 1248 2259; x_wconf 87' lang='grc'><strong>422,</strong></span> <span class='ocrx_word' id='word_1_322' title='bbox 1275 2220 1350 2258; x_wconf 88' lang='grc'><strong>435,</strong></span> <span class='ocrx_word' id='word_1_323' title='bbox 1378 2219 1453 2258; x_wconf 90' lang='grc'><strong>529,</strong></span> <span class='ocrx_word' id='word_1_324' title='bbox 1480 2219 1560 2258; x_wconf 86' lang='grc'><strong>530,</strong></span> 
     </span>
     <span class='ocr_line' id='line_1_36' title="bbox 199 2281 699 2321; baseline -0.006 -4"><span class='ocrx_word' id='word_1_325' title='bbox 199 2283 274 2321; x_wconf 90' lang='grc'><strong>567,</strong></span> <span class='ocrx_word' id='word_1_326' title='bbox 297 2283 372 2321; x_wconf 89' lang='grc'><strong>719,</strong></span> <span class='ocrx_word' id='word_1_327' title='bbox 397 2282 472 2320; x_wconf 88' lang='grc'><strong>728,</strong></span> <span class='ocrx_word' id='word_1_328' title='bbox 497 2281 571 2320; x_wconf 93' lang='grc'><strong>872,</strong></span> <span class='ocrx_word' id='word_1_329' title='bbox 601 2282 699 2321; x_wconf 93' lang='grc'><strong>1050;</strong></span> 
     </span>
    </p>
   </div>
   <div class='ocr_carea' id='block_1_3' title="bbox 287 2356 1559 2398">
    <p class='ocr_par' dir='ltr' id='par_1_11' title="bbox 287 2356 1559 2398">
     <span class='ocr_line' id='line_1_37' title="bbox 287 2356 1559 2398; baseline 0 -5"><span class='ocrx_word' id='word_1_330' title='bbox 287 2359 448 2394; x_wconf 82' lang='lat' dir='ltr'>plaut.</span> <span class='ocrx_word' id='word_1_331' title='bbox 479 2359 506 2392; x_wconf 88' lang='lat'>1.</span> <span class='ocrx_word' id='word_1_332' title='bbox 535 2357 673 2398; x_wconf 87' lang='lat' dir='ltr'>Capt.</span> <span class='ocrx_word' id='word_1_333' title='bbox 700 2359 752 2398; x_wconf 90' lang='lat'>21,</span> <span class='ocrx_word' id='word_1_334' title='bbox 780 2359 833 2398; x_wconf 88' lang='grc'>40,</span> <span class='ocrx_word' id='word_1_335' title='bbox 860 2359 913 2397; x_wconf 90' lang='grc'>98,</span> <span class='ocrx_word' id='word_1_336' title='bbox 942 2358 1080 2397; x_wconf 89' lang='grc'><strong>160-1,</strong></span> <span class='ocrx_word' id='word_1_337' title='bbox 1112 2358 1182 2397; x_wconf 86' lang='grc'><strong>170,</strong></span> <span class='ocrx_word' id='word_1_338' title='bbox 1210 2357 1350 2396; x_wconf 84' lang='grc'><strong>238-9,</strong></span> <span class='ocrx_word' id='word_1_339' title='bbox 1378 2356 1451 2395; x_wconf 75' lang='lat'>279,</span> <span class='ocrx_word' id='word_1_340' title='bbox 1480 2356 1559 2394; x_wconf 76' lang='lat'>460,</span> 
     </span>
    </p>
   </div>
   <div class='ocr_carea' id='block_1_4' title="bbox 198 2418 1558 2516">
    <p class='ocr_par' dir='ltr' id='par_1_12' title="bbox 198 2418 1558 2516">
     <span class='ocr_line' id='line_1_38' title="bbox 198 2418 596 2458; baseline -0.008 -4"><span class='ocrx_word' id='word_1_341' title='bbox 198 2420 273 2458; x_wconf 86' lang='lat'>536,</span> <span class='ocrx_word' id='word_1_342' title='bbox 296 2420 372 2458; x_wconf 82' lang='grc'><strong>804,</strong></span> <span class='ocrx_word' id='word_1_343' title='bbox 394 2419 469 2457; x_wconf 91' lang='grc'><strong>909,</strong></span> <span class='ocrx_word' id='word_1_344' title='bbox 496 2418 596 2457; x_wconf 86' lang='grc'><strong>1034;</strong></span> 
     </span>
     <span class='ocr_line' id='line_1_39' title="bbox 286 2473 1558 2516; baseline -0.002 -4"><span class='ocrx_word' id='word_1_345' title='bbox 286 2480 316 2512; x_wconf 90' lang='lat'>2.</span> <span class='ocrx_word' id='word_1_346' title='bbox 346 2476 465 2512; x_wconf 88' lang='lat' dir='ltr'>Men.</span> <span class='ocrx_word' id='word_1_347' title='bbox 503 2478 558 2516; x_wconf 88' lang='lat'>38,</span> <span class='ocrx_word' id='word_1_348' title='bbox 583 2476 726 2514; x_wconf 89' lang='grc'><strong>355-6,</strong></span> <span class='ocrx_word' id='word_1_349' title='bbox 755 2476 819 2510; x_wconf 89' lang='grc'>496</span> <span class='ocrx_word' id='word_1_350' title='bbox 847 2475 980 2510; x_wconf 89' lang='lat' dir='ltr'>malam</span> <span class='ocrx_word' id='word_1_351' title='bbox 1010 2484 1088 2509; x_wconf 88' lang='lat' dir='ltr'>rem</span> <span class='ocrx_word' id='word_1_352' title='bbox 1117 2483 1183 2514; x_wconf 93' lang='lat' dir='ltr'>pro</span> <span class='ocrx_word' id='word_1_353' title='bbox 1212 2473 1306 2508; x_wconf 90' lang='lat' dir='ltr'>male</span> <span class='ocrx_word' id='word_1_354' title='bbox 1336 2473 1451 2512; x_wconf 89' lang='lat' dir='ltr'>dictis,</span> <span class='ocrx_word' id='word_1_355' title='bbox 1478 2473 1558 2511; x_wconf 84' lang='lat'>696,</span> 
     </span>
    </p>
   </div>
   <div class='ocr_carea' id='block_1_5' title="bbox 202 2536 599 2576">
    <p class='ocr_par' dir='ltr' id='par_1_13' title="bbox 202 2536 599 2576">
     <span class='ocr_line' id='line_1_40' title="bbox 202 2536 599 2576; baseline -0.003 -5"><span class='ocrx_word' id='word_1_356' title='bbox 202 2538 293 2576; x_wconf 88' lang='grc'><strong>1072,</strong></span> <span class='ocrx_word' id='word_1_357' title='bbox 318 2538 411 2576; x_wconf 86' lang='grc'><strong>1003,</strong></span> <span class='ocrx_word' id='word_1_358' title='bbox 434 2536 599 2576; x_wconf 83' lang='grc'><strong>1135-6;</strong></span> 
     </span>
    </p>
   </div>
  </div>
 </body>
</html>
