1740 2840
687 92 862 146 --31-·

91 222 173 263 (Ad.
201 218 292 259 250),
320 217 423 254 certo
455 221 531 254 scio
561 217 643 258 (Ad.
672 218 762 260 256),
790 219 951 255 ferundis
981 219 1140 256 miseriis
1172 224 1246 267 etc.
1268 222 1438 266 Attamen

91 281 184 318 tales
201 279 319 314 exitus
336 286 511 312 versuum
528 278 678 317 minoris
694 281 755 313 aut
771 278 899 313 nullius
916 280 1089 314 momenti
1109 282 1201 318 sunt,
1219 281 1438 319 quapropter

92 337 259 378 exempla
281 336 384 371 huius
408 337 552 375 generis
576 336 774 371 omittenda
797 346 881 372 esse
904 340 1001 377 puto.
1180 332 1182 334 ’

547 412 707 480 Compar
736 428 951 477 (ἰσόκωλον).

181 512 246 548 Co
261 511 371 546 rnif.
398 510 454 547 1v.
480 513 537 552 20,
556 513 620 549 nc-
641 512 821 553 „Compar
848 513 1056 554 appellatur,
1082 514 1178 555 quod
1202 515 1310 549 habet
1336 516 1371 549 in
1398 523 1439 549 se

94 571 256 608 membra
284 571 469 610 orationis,
499 570 544 605 de
561 570 701 611 >quibus
731 574 814 606 ante
845 571 1010 611 diximus,
1041 582 1062 612 q
1075 581 1097 607 u
1110 583 1132 607 a
1145 582 1165 607 e
1196 583 1215 607 c
1229 583 1250 607 o
1264 582 1286 607 n
1300 575 1377 607 ste
1391 582 1412 606 n
1427 575 1440 606 t

96 639 152 666 ex
174 630 286 669 pari
310 628 420 663 fere
446 638 649 663 numero
676 629 1005 669 syllabarum.
1032 629 1110 664 Hoc
1138 640 1208 665 non
1236 630 1439 677 dinumera·

95 690 191 724 tione
210 682 336 722 n'ostra
356 686 419 722 flet
439 708 482 712 —
501 697 584 722 nam
604 687 639 721 id
660 687 804 727 quidem
824 687 960 727 puerile
980 690 1036 722 est
1056 709 1109 727 —,
1130 688 1195 723 sed
1217 691 1355 723 tantum
1376 687 1439 723 ad—

94 746 187 783 feret
213 754 300 781 usus
329 748 366 781 et
392 747 605 781 exercitatio
632 745 823 786 facultatis,
851 749 889 782 ut
916 747 1023 781 animi
1053 746 1209 787 quodam
1238 756 1347 782 sensu
1374 756 1439 787 par

34 825 37 829 ·
95 804 295 839 membrum
320 805 498 843 superiori
525 803 662 838 referre
690 804 906 843 possimus.“
934 804 1095 844 Compar
1122 806 1227 844 igitur
1255 808 1440 839 construc-

95 864 144 899 tio
160 864 217 898 est
232 861 441 901 verborum,
457 863 558 897 cuius
574 862 737 898 membra
754 872 821 903 „ex
839 864 916 903 pari
935 862 1012 898 fere
1028 872 1178 898 numero
1197 861 1441 903 syllabarum“

92 923 262 957 constant
285 921 354 956 hoc
375 921 496 960 modo,
518 924 557 956 ut
580 921 672 956 tales
697 922 960 956 enuntiationes
984 921 1079 958 haud
1101 922 1246 956 minime
1272 921 1441 956 efficaces

96 980 166 1013 sint
189 978 236 1013 ad
259 987 367 1012 aures
391 978 671 1018 permovendas.
695 978 769 1013 Sed
794 980 865 1012 iam
890 978 1090 1013 ordiamur:

185 1049 212 1082 1.
236 1047 440 1088 Adelph.
467 1049 527 1083 117
550 1044 716 1087 obsonat,
738 1050 848 1088 potat,
873 1044 948 1083 olet
970 1050 1169 1087 unguenta:
1193 1047 1238 1082 de
1262 1056 1355 1082 meo.
1383 1048 1443 1082 173

95 1106 129 1141 Ο
149 1105 288 1140 fficinus
309 1105 507 1144 indignum!
531 1127 573 1131 —
595 1106 798 1140 Geminabit
819 1105 890 1140 nisi
914 1116 1034 1140 caues.
1056 1127 1099 1131 -
1120 1105 1159 1139 Ei
1182 1103 1317 1140 misero
1340 1105 1439 1139 mihi!

96 1165 159 1200 529
189 1163 311 1203 cliens,
341 1164 487 1203 amicus,
517 1160 663 1204 hospes,
693 1166 835 1199 nemost
866 1162 995 1198 uobis?
1035 1164 1100 1199 758
1131 1161 1285 1198 hancine
1314 1162 1440 1198 uitam!

97 1223 223 1258 hocine
247 1220 387 1257 m6res!
416 1221 508 1256 hanc
536 1221 768 1257 dementiam!

227 1289 357 1324 864—6
383 1288 554 1329 clemens,
579 1288 752 1329 placidus,
776 1286 863 1323 nulli
890 1288 1035 1324 laedere
1062 1286 1117 1328 os,
1144 1287 1312 1323 adridere

316 1347 498 1389 omnibus;

228 1413 298 1450 sibi
326 1415 425 1455 uixit,
453 1414 519 1449 sibi
548 1417 729 1455 sumptum
755 1413 857 1450 fecit:
898 1422 1025 1449 omnes
1054 1414 1147 1450 bene
1177 1412 1312 1454 dicunt,

316 1476 448 1509 amant.

229 1551 297 1581 ego
323 1541 380 1576 ille
406 1542 573 1581 agrestis,
598 1541 741 1581 saeuos,
765 1542 888 1582 tristis,
912 1541 1055 1582 parcus,
1079 1542 1313 1581 truculentus,

317 1602 427 1634 tenax
450 1625 459 1634 .
483 1626 492 1634 .
516 1626 524 1634 .

228 1652 358 1702 942-3
381 1666 437 1702 Da
460 1668 617 1702 veniam.
642 1688 684 1692 —
706 1666 760 1702 Ne
780 1664 947 1707 vgrauate.
971 1688 1013 1693 —
1037 1667 1109 1702 Fac
1133 1648 1313 1707 promitte.

317 1724 440 1761 —Non
465 1724 626 1761 omittis?
1177 1736 1180 1738 ’

229 1792 320 1833 Non,
338 1792 410 1828 nisi
429 1796 465 1828 te
484 1803 644 1828 exorem.
665 1814 707 1818 —
727 1791 795 1827 Vis
815 1796 871 1828 est
890 1793 980 1828 haec
1001 1792 1154 1833 quidem.
1175 1814 1218 1818 —
1236 1794 1315 1847 Age

317 1850 457 1892 prolixe
480 1848 605 1886 Micio.

180 1919 235 1954 lb.
257 1921 332 1959 966,
353 1921 428 1958 968,
450 1921 525 1958 982,
545 1921 620 1953 487.

187 1989 217 2022 2.
236 1987 339 2023 And
352 1997 379 2022 r.
400 1988 442 2023 45
463 1986 557 2028 Quin
579 1990 616 2022 tu
637 1984 712 2021 1'1n0
733 1987 846 2022 uerbo
868 1985 939 2027 dic,
960 1986 1043 2028 quid
1064 1989 1120 2022 est
1142 1986 1237 2027 quod
1258 1986 1318 2021 me
1338 1986 1445 2027 uelis;

102 2046 165 2081 103
192 2045 342 2086 Placuit,
373 2045 560 2086 despondi.
602 2045 650 2080 lb.
683 2046 744 2081 126
773 2045 864 2081 Hinc
893 2045 974 2081 illae
1003 2045 1196 2084 lacrumae,
1227 2045 1317 2079 haec
1348 2042 1448 2079 illast

100 2101 361 2139 misericdrdia.
383 2105 456 2143 210,
476 2104 549 2143 211,
570 2104 643 2143 244,
663 2104 737 2142 315,
758 2104 832 2142 384,
853 2104 916 2138 473
936 2101 995 2142 (cf.
1014 2102 1080 2137 Ad.
1100 2099 1190 2141 487),
1209 2103 1284 2141 804,
1305 2103 1446 2141 846-8,

96 2163 174 2197 872.
187 2222 218 2255 3.
240 2220 303 2255 Eu
317 2231 350 2255 n.
370 2221 434 2255 336
456 2218 637 2259 incuruOS,
660 2219 844 2258 tremulus,
867 2218 969 2253 labiis
993 2217 1175 2257 demissis,
1199 2228 1361 2258 gemens.
1384 2220 1449 2254 675

102 2275 279 2318 Rogitas?
304 2288 375 2313 non
397 2277 529 2314 vides?
554 2277 603 2313 lb.
623 2278 697 2317 767,
719 2278 793 2317 821,
813 2278 889 2316 908,
910 2278 985 2316 915,
1009 2277 1102 2312 1007.

189 2346 219 2380 4.
241 2344 274 2380 H
288 2355 352 2381 ec.
373 2346 502 2381 316—'7
522 2342 603 2380 Noli
623 2344 825 2380 fabularier.
847 2340 862 2382 l
884 2353 949 2384 pro
972 2343 1141 2384 Iuppiter,
1163 2341 1364 2380 clamorem
1386 2354 1450 2379 au-

100 2401 184 2438 diui.
205 2424 248 2429 -—
267 2402 360 2438 Tute
380 2403 539 2443 loquere,
559 2403 618 2438 me
637 2405 751 2438 uetas.
773 2401 821 2436 lb.
842 2403 917 2441 527,
935 2402 1011 2441 708,
1031 2402 1106 2437 831.

188 2471 220 2505 5.
240 2470 274 2505 H
286 2481 308 2506 a
320 2481 342 2506 u
355 2473 379 2507 t.
398 2470 429 2505 T
442 2472 452 2506 i
464 2481 511 2506 m.
533 2472 594 2505 174
613 2470 694 2506 hinc
712 2470 734 2505 a
753 2468 838 2505 me?
860 2469 1025 2510 quisnam
1045 2469 1255 2510 egreditur?
1277 2470 1346 2505 huc
1364 2479 1450 2505 con-

98 2528 265 2565 cessero.
289 2529 337 2565 lb.
359 2531 434 2569 454,
457 2530 597 2569 461-2,
619 2529 693 2569 622,
716 2529 790 2568 632,
813 2529 886 2568 677,
908 2528 984 2567 780,
1005 2528 1082 2568 856,
1105 2529 1180 2568 872,
1202 2529 1276 2563 917.
