1740 2840
691 161 863 190 -7-

99 266 164 302 fuit
193 268 207 301 t
221 264 267 301 e?
300 267 362 300 aut
394 262 557 299 eiusdem
588 263 778 303 responsio
810 262 886 297 illa:
917 262 955 297 Si
988 265 1024 297 tu
1058 265 1093 297 et
1126 272 1147 297 a
1161 262 1183 296 d
1196 272 1221 296 v
1235 272 1254 297 e
1269 271 1285 296 r
1298 271 1316 297 s
1329 272 1351 297 u
1365 271 1382 296 s
1415 264 1451 297 et

100 336 123 361 a
135 336 160 360 v
174 335 194 360 e
207 334 223 359 r
237 334 255 359 s
268 334 291 359 u
304 333 322 359 s
348 322 549 363 impudicus
574 321 648 357 es.“

187 393 431 429 Conferamus
454 394 658 432 praeterea,
682 402 774 432 quae
797 392 1070 427 Diomedes
1093 402 1126 432 p.
1150 394 1210 427 441
1236 394 1381 432 scripsit
1405 392 1450 427 de

98 453 373 494 paronomasia:
413 451 697 490 „Paronomasia
735 454 792 486 est
828 451 940 486 veluti
979 452 1157 492 quaedam
1196 451 1451 490 denominatio,

99 522 182 548 cum
210 510 444 552 praecedenti
475 511 609 545 nomini
641 513 703 546 aut
731 511 886 546 verbum
918 514 978 546 aut
1009 521 1140 546 nomen
1171 511 1373 546 adnectitur
1405 521 1451 546 ex

101 572 231 607 eodem
258 569 446 610 figuratu.“

188 641 220 675 A
242 639 570 681 Quintiliano
592 641 673 675 inst.
696 642 787 675 orat.
809 639 868 675 IX.
890 642 921 680 3,
943 641 986 675 66
1007 640 1042 675 ff.
1065 642 1099 675 in
1123 640 1453 675 adnominationem

99 702 189 737 haec
217 709 355 740 genera
385 700 596 735 reiciuntur:
628 701 655 734 1.
682 709 833 735 casuum
861 701 1094 735 commutatio
1125 697 1298 738 (omnium
1329 709 1450 735 rerum

99 782 142 786 -
169 761 203 794 in
231 758 396 794 omnibus
424 756 565 800 rebus);
594 761 623 793 2.
653 769 756 798 „cum
783 759 899 794 verbo
927 759 1023 794 idem
1050 760 1204 794 verbum
1233 760 1311 799 pius
1341 761 1450 799 signi-

99 819 248 854 ficanter
275 817 498 857 subiungitur
523 815 692 858 (Quando
718 818 837 857 homo,
863 818 977 853 hostis
1004 815 1144 859 homo);
1171 820 1201 853 3.
1228 819 1281 858 „ei
1307 821 1450 853 contra-

100 880 191 913 rium
213 880 279 917 est,
301 877 397 918 quod
417 877 547 913 eodem
565 878 681 912 verbo
702 879 805 918 quasi
826 877 957 913 falsum
976 879 1136 917 arguitur
1158 876 1277 918 (Quae
1299 878 1357 913 lex
1379 879 1450 918 pri-

103 938 199 972 vatis
233 937 435 972 hominibus
472 946 555 971 esse
592 937 650 971 lex
685 947 756 971 non
791 934 1015 977 videbatur);
1052 939 1081 971 4.
1117 938 1173 971 cui
1208 937 1358 971 confinis
1393 940 1450 971 est

97 992 363 1038 ἄντανάκλασις,
418 995 581 1031 eiusdem
624 997 728 1032 verbi
772 998 954 1032 contraria
998 997 1228 1038 significati0;
1272 998 1303 1031 5.
1347 996 1450 1031 aliter

101 1064 243 1095 quoque
266 1065 380 1089 voces
404 1058 465 1090 aut
490 1055 641 1090 eaedem
663 1055 813 1090 diversa
836 1057 871 1090 in
895 1056 1155 1095 significatione
1179 1059 1368 1095 ponuntur,
1391 1059 1453 1090 aut

98 1114 337 1154 productione
363 1117 501 1149 tantum
527 1115 587 1149 vel
612 1116 841 1155 correptione
866 1118 1025 1150 mutatae
1050 1112 1232 1153 (Amasi
1259 1114 1450 1150 iucundum

101 1177 167 1213 est,
196 1175 226 1208 si
255 1177 410 1213 curetur,
439 1184 484 1209 ne
514 1174 597 1214 quid
625 1176 707 1209 insit
734 1171 925 1215 amari);
954 1176 985 1209 6.
1014 1174 1088 1209 Sed
1116 1175 1326 1214 elegantius,
1355 1175 1451 1215 quod

100 1237 156 1270 est
174 1235 332 1275 positum
350 1236 384 1269 in
403 1234 654 1275 distinguenda
674 1236 725 1270 rei
745 1236 968 1276 proprietate
986 1232 1146 1275 (reprimi
1167 1257 1209 1261 —
1229 1233 1449 1276 comprimi);

99 1296 130 1328 7.
151 1320 159 1328 .
180 1320 189 1327 .
209 1320 217 1328 .
238 1304 329 1334 quae
348 1295 675 1334 praepositionibus
697 1296 731 1329 in
752 1296 973 1330 contrarium
993 1298 1174 1329 mutantur
1196 1293 1289 1332 (Non
1311 1305 1330 1329 e
1343 1296 1402 1329 mi
1416 1304 1451 1328 s-

101 1362 118 1387 s
132 1362 185 1388 us
208 1363 254 1388 ex
275 1353 375 1393 urbe,
397 1353 463 1388 sed
486 1354 647 1388 immis
661 1363 678 1388 s
692 1364 713 1388 u
727 1363 744 1388 s
768 1355 802 1388 in
826 1354 953 1389 urbem
976 1363 1060 1389 esse
1084 1351 1277 1392 videatur).

188 1422 363 1462 Equidem
388 1424 543 1462 primum
568 1423 733 1457 adferam
756 1424 933 1463 exempla,
958 1424 1085 1463 quibus
1111 1424 1227 1458 verba
1252 1424 1311 1458 vel
1337 1425 1450 1457 nomi-

99 1491 146 1516 na
165 1481 341 1521 simplicia
361 1486 397 1516 et
416 1483 618 1522 composita
637 1484 728 1517 inter
749 1492 789 1517 se
809 1484 1081 1522 coniunguntur,
1103 1483 1301 1517 secundum
1322 1482 1451 1517 eadem

100 1540 278 1576 vocabula
303 1540 373 1576 alio
401 1540 509 1576 modo
537 1542 749 1581 composita,
775 1542 921 1576 tertium
947 1541 1064 1576 verba
1092 1542 1213 1576 activa
1241 1544 1277 1576 et
1302 1542 1451 1581 passiva

101 1610 147 1633 ex
187 1600 363 1634 industria
402 1602 531 1639 posita,
573 1603 738 1640 quartum
778 1601 957 1635 vocabula
998 1601 1161 1635 eiusdem
1203 1601 1450 1639 derivationis,

99 1659 259 1700 quintum
294 1658 456 1694 ciusdem
492 1659 595 1694 verbi
630 1658 935 1694 conformationes
970 1659 1132 1694 similiter
1168 1663 1357 1701 sonantes;
1394 1660 1448 1693 his

100 1719 293 1759 adiungam
317 1722 471 1760 primum
495 1722 708 1760 pronomina
734 1723 794 1755 aut
820 1720 974 1755 deducta
1000 1724 1061 1755 aut
1086 1721 1247 1755 similiter
1274 1722 1450 1760 sonantia,

101 1778 230 1813 deinde
261 1775 468 1822 παρήχησιν,
501 1788 592 1818 quae
624 1779 760 1817 dicitur,
792 1782 866 1812 tum
898 1779 1080 1813 adiectiva
1110 1780 1169 1813 vel
1200 1780 1358 1818 positivo
1390 1779 1450 1813 vel

100 1838 351 1878 comparativo
379 1838 439 1872 vel
467 1837 690 1878 superlativo
717 1836 951 1877 variantibus,
978 1840 1053 1873 tum
1079 1837 1225 1877 figuras,
1253 1847 1344 1878 quae
1374 1836 1449 1873 effi-

100 1888 239 1931 ciuntur
276 1899 558 1932 commutatione
593 1907 753 1935 casuum,
787 1897 940 1936 denique
975 1898 1121 1936 figuras,
1157 1907 1248 1936 quae
1285 1898 1449 1931 dicuntur

97 1956 276 1992 traductio
304 1960 339 1992 et
364 1957 387 1992 f.
416 1957 669 1997 etymologica.
705 1956 897 1991 Postremo
924 1956 1060 1991 addere
1089 1957 1170 1992 licet
1198 1957 1275 1991 illas
1301 1957 1448 1997 figuras,

100 2026 193 2055 quae
219 2018 394 2056 imprimis
420 2018 600 2051 sententia
625 2016 771 2051 ioculari
798 2017 936 2055 positas
962 2017 1094 2050 inveni.

137 2092 174 2134 a)
202 2094 367 2132 Verba
395 2095 476 2131 vel
505 2096 704 2130 nomina
731 2094 991 2135 simplicia
1020 2098 1066 2129 et
1092 2096 1399 2135 composita:

186 2163 217 2197 1.
244 2161 343 2198 Ter.
360 2161 421 2198 Ad
434 2163 508 2208 elp
521 2161 574 2197 h.1
601 2163 650 2198 20
664 2163 699 2197 in
715 2162 802 2204 otio,
818 2162 852 2196 in
869 2161 1031 2208 negotio,
1047 2162 1168 2197 74—5
1186 2161 1451 2197 consuefacere

99 2244 142 2249 —
167 2223 301 2264 facere,
324 2225 454 2259 607—8
477 2227 625 2264 propter
649 2245 691 2248 —
716 2225 946 2263 quapropter,
970 2224 1033 2257 723
1058 2224 1182 2257 nescio
1208 2245 1250 2248 —
1275 2225 1363 2263 scio,
1388 2225 1450 2258 857

101 2286 221 2320 scisne
245 2307 288 2310 —
314 2286 468 2324 nescias,
492 2286 557 2319 990
582 2285 675 2319 iusta
700 2305 742 2309 —-
767 2285 913 2324 iniusta;

188 2356 218 2389 2.
243 2355 308 2389 An
324 2354 345 2389 d
360 2351 407 2389 r.2
431 2355 559 2388 204—5
585 2353 687 2388 edico
713 2374 755 2378 —
780 2352 860 2387 dieo
886 2374 928 2378 -
953 2345 1189 2393 praedictum,
1215 2356 1278 2389 242
1301 2356 1452 2389 mutauit

100 2436 143 2440 —
168 2416 404 2455 immutatum,
429 2416 558 2450 363—4
582 2416 634 2449 ire
660 2436 702 2439 —
727 2416 837 2453 exire,
862 2416 927 2448 390
952 2417 1055 2449 certa
1079 2437 1121 2440 —
1147 2417 1296 2454 incerta,
1322 2416 1451 2450 567—9

100 2473 378 2509 incommoditas
408 2495 449 2499 —
478 2473 766 2512 commoditates,
795 2475 859 2507 592
886 2483 951 2507 oro
982 2495 1024 2498 —
1053 2484 1177 2513 exoro,
1207 2476 1271 2509 610
1300 2475 1378 2509 fero
1410 2495 1450 2499 —

200 2549 209 2566 ¹
231 2549 282 2580 ed.
305 2548 582 2579 Dziazko-Kauer.

198 2597 208 2614 ²
231 2598 280 2627 ed.
303 2597 452 2636 Spengel.
