1740 2840
905 121 1059 151 -24-

300 208 376 247 498,
399 210 474 249 621,
497 212 572 251 734,
595 215 669 254 381,
692 217 768 256 400,
793 220 867 258 228,
892 222 967 261 482,
991 224 1066 262 475,
1088 225 1163 264 700,
1187 227 1261 266 747,
1286 229 1361 268 525,
1387 231 1481 271 1035,
1504 234 1579 273 258,
1602 236 1656 275 95,

297 266 351 306 97,
376 268 454 310 190;

386 329 417 363 4.
441 327 585 367 Most.
608 334 671 369 777
696 334 791 372 facio
817 337 989 380 facinora,
1014 343 1058 377 82
1081 343 1228 380 relictae
1253 347 1436 388 reliquiae,
1462 352 1545 386 1158
1569 352 1652 388 ludo

296 385 432 427 ludere,
457 391 522 424 985
546 393 692 433 misere,
716 396 877 437 miseret,
903 400 961 434 161
987 400 1019 436 Ο
1045 401 1168 438 Venus
1191 408 1359 447 venusta,
1384 409 1457 448 272,
1481 410 1554 450 274,
1578 412 1652 452 411,

294 445 370 485 460,
387 441 468 488 791,
492 450 546 489 45,
573 451 673 494 1094;

381 507 413 540 5.
431 506 462 541 Ρ
474 516 492 542 s
506 517 526 543 e
540 519 561 543 u
576 509 609 545 d.
628 513 670 546 24
688 512 799 549 Ludis
818 525 877 551 me
898 517 981 553 ludo
1002 523 1074 561 tuo,
1092 523 1135 557 65
1155 526 1278 560 suauis
1299 528 1488 569 suauiatio‚
1511 530 1594 566 1254
1614 532 1649 567 in

292 562 373 599 loco
401 564 534 602 festiuo
565 579 691 606 sumus
721 572 851 610 festiue
879 580 1030 618 accepti,
1062 581 1146 615 1062
1173 592 1256 617 mea
1284 584 1419 620 laetitia
1448 586 1575 629 laetus,
1609 590 1650 625 13

290 623 425 659 misere
450 626 562 662 miser
589 637 680 669 sum,
705 632 770 666 358
793 635 929 669 cursim
945 646 1109 678 curram,
1134 642 1199 675 940
1223 651 1363 678 memor
1387 647 1559 687 meminit,
1583 650 1647 684 337

290 682 394 717 uiuos
416 685 547 726 uiuam,
568 689 644 728 830,
664 692 738 730 372,
760 694 833 732 512,
854 696 930 734 590,
952 698 1026 737 224,
1048 700 1123 739 375,
1144 702 1218 741 913,
1243 704 1335 742 1104,
1356 706 1431 744 524,
1451 708 1526 746 820,
1552 709 1645 748 1263,

287 742 363 780 882,
390 744 482 783 1297,
505 747 579 785 821,
600 749 675 787 709,
696 751 771 789 940,
792 753 867 792 339,
893 754 964 795 135,
991 757 1061 796 197,
1084 760 1158 799 542,
1179 761 1320 801 756-7,
1342 763 1423 805 689;

375 802 406 837 6.
433 801 564 840 Trin.
590 807 633 842 83
660 811 800 845 metere
828 821 999 854 messem,
1029 817 1113 861 1004
1138 819 1240 854 tinnit
1268 821 1550 864 tintinnabulum,
1577 827 1642 862 665

284 860 467 899 ingenium
487 867 587 899 tuom
606 867 809 908 ingenuum,
832 872 914 905 1023
933 877 1092 909 currenti
1113 879 1264 917 cursori,
1287 880 1358 919 174,
1378 883 1452 920 302,
1471 884 1545 922 304,
1566 885 1641 924 494,

283 919 359 958 730,
382 921 457 960 741,
480 923 555 962 755,
582 925 673 965 1143,
700 927 792 967 1159,
815 929 888 964 612.

282 985 320 1026 n)
353 988 491 1030 Restat,
526 996 563 1028 ut
596 993 674 1029 illas
708 1001 985 1036 paronomasias
1018 1003 1193 1044 adferam,
1228 1016 1249 1046 q
1263 1017 1284 1041 u
1298 1017 1319 1041 a
1333 1018 1352 1043 e
1386 1010 1445 1043 im
1458 1020 1480 1050 p
1495 1013 1605 1046 rimi
1620 1022 1637 1047 s

280 1046 454 1084 facete
490 1050 663 1089 dictae
700 1059 1015 1095 sententiam
1061 1062 1308 1101 efficiunt
1341 1068 1636 1106 iocularem.

278 1105 353 1141 Sed
375 1109 471 1148 apud
492 1109 522 1144 T
536 1121 556 1145 e
570 1121 587 1145 r
601 1122 621 1147 e
634 1123 655 1147 n
670 1116 683 1148 t
696 1115 706 1148 i
720 1125 741 1149 u
755 1125 801 1155 m,
825 1119 882 1157 qui
907 1121 1052 1155 omnino
1075 1126 1331 1161 paronomasia
1354 1127 1465 1162 multo
1489 1131 1635 1168 parcius

276 1167 384 1201 utitur
413 1177 522 1208 quam
546 1170 708 1213 Plautus,
734 1174 837 1210 huius
864 1180 1010 1216 generis
1038 1182 1204 1222 exempla
1231 1184 1395 1221 invenire
1423 1197 1494 1222 non
1521 1191 1632 1229 potui,

274 1234 358 1259 cum
393 1226 481 1262 Pla
495 1239 516 1263 u
530 1233 578 1264 tu
592 1240 610 1265 s
648 1234 757 1268 etiam
795 1236 894 1271 iocos
932 1237 1035 1274 huius
1071 1241 1168 1276 modi
1206 1252 1276 1277 non
1312 1254 1395 1280 raro
1433 1256 1632 1288 usurpasse

860 1296 1045 1333 videatur:

365 1356 392 1389 1.
425 1355 562 1397 Capt.
629 1362 692 1395 274
724 1360 897 1403 Eugepae
930 1364 1134 1403 Thalem
1168 1371 1368 1407 talento
1402 1372 1473 1408 non
1510 1386 1629 1411 emam

271 1411 464 1449 Milesium.
957 1471 960 1475 .

403 1477 533 1512 577—8
560 1477 655 1518 Quid
681 1482 745 1520 ais,
772 1482 944 1518 furcifer?
973 1489 1047 1520 tum
1073 1490 1107 1522 te
1135 1493 1282 1527 gnatum
1308 1501 1391 1527 esse
1418 1503 1493 1528 me-

491 1545 614 1571 moras
644 1537 890 1575 liberum?

400 1591 480 1628 Non
505 1596 672 1635 equidem
696 1608 754 1633 me
777 1598 866 1634 Lib
881 1611 899 1635 e
915 1612 930 1636 r
944 1612 965 1637 u
979 1613 1025 1643 rn,
1048 1604 1114 1639 sed
1137 1604 1383 1644 Philocratem
1407 1620 1490 1645 esse

488 1663 547 1688 alo
574 1680 582 1688 .
608 1681 616 1689 .
641 1682 649 1689 .
675 1682 683 1690 .

353 1711 418 1745 860
440 1710 521 1747 Non
544 1715 639 1749 enim
663 1725 703 1750 es
728 1717 761 1751 ln
785 1719 1059 1762 senticeto,
1082 1723 1125 1758 eo
1148 1735 1218 1760 non
1242 1729 1409 1764 sentis
1433 1756 1441 1764 .
1464 1756 1472 1765 .
1495 1757 1503 1765 .
1525 1757 1533 1765 .
1556 1733 1620 1767 888

262 1768 309 1802 At
336 1779 429 1805 nunc
458 1771 600 1808 SIculus
629 1785 699 1809 non
730 1780 802 1811 est:
832 1778 987 1815 Boius
1017 1785 1090 1817 est:
1118 1783 1290 1820 Boiam
1320 1788 1412 1822 terit.

393 1831 423 1863 2.
477 1830 515 1865 Μ
530 1842 549 1866 e
564 1842 596 1866 n.
648 1836 778 1870 263-4
829 1836 1030 1877 Propterea
1082 1841 1163 1876 huic
1218 1844 1294 1878 urbi
1350 1843 1484 1882 nomen

480 1890 508 1924 E
521 1900 543 1931 p
557 1893 566 1926 i
581 1892 603 1926 d
616 1903 638 1927 a
651 1903 686 1928 m
700 1905 721 1929 n
736 1905 757 1929 o
784 1894 983 1938 inditumst,

391 1947 484 1990 Quia
510 1952 616 1987 nemo
641 1953 756 1990 ferme
782 1957 860 1992 sine
887 1957 1061 1995 damno
1088 1961 1156 1997 huc
1180 1961 1390 2000 deuortitur.

344 2010 407 2043 267
441 2009 494 2045 Ne
527 2012 610 2046 mihi
645 2014 871 2051 damnum
902 2018 937 2052 in
969 2018 1246 2059 Epidamno
1279 2023 1369 2059 duis.
1402 2027 1466 2061 295
1500 2027 1538 2062 Si
1571 2026 1613 2063 t1'1

254 2065 285 2100 C
298 2076 324 2106 y
337 2067 347 2101 l
361 2068 370 2101 i
384 2078 405 2101 n
420 2068 442 2102 d
457 2079 472 2103 r
486 2080 507 2104 u
522 2080 539 2104 s
561 2070 629 2106 seu
649 2072 680 2108 C
694 2083 715 2108 0
730 2075 769 2108 ri
784 2085 803 2110 e
818 2085 838 2109 n
853 2075 875 2110 d
889 2086 905 2110 r
920 2087 940 2112 u
955 2087 984 2117 s,
1002 2079 1154 2119 perieris
1174 2078 1305 2120 (Bothe
1324 2086 1486 2126 scripsit:
1499 2085 1610 2136 ,Cori-

252 2125 415 2167 andrus).
1094 2164 1097 2166 ,

339 2188 369 2221 3.
399 2187 439 2221 Μ
452 2199 474 2222 o
488 2199 505 2222 s
520 2193 542 2223 t.
572 2193 635 2225 375
667 2191 770 2228 Valet
800 2195 857 2229 ille
889 2196 1032 2235 quidem
1062 2202 1170 2240 atque
1202 2201 1270 2240 ego
1301 2202 1378 2238 dis
1391 2213 1413 2244 p
1428 2214 1448 2239 e
1462 2214 1478 2239 r
1491 2206 1501 2239 i
1515 2206 1535 2239 i.
1564 2226 1607 2231 —

249 2243 594 2285 Bisperiisti?
622 2250 683 2290 qui
712 2253 859 2292 potest?

380 2307 532 2342 769—70
564 2308 638 2344 Nec
669 2313 716 2345 mi
749 2310 776 2345 1'1
789 2323 824 2347 m
838 2313 860 2347 b
874 2324 890 2348 r
903 2325 925 2349 a
957 2315 1002 2350 ibi
1038 2322 1237 2358 usquamst,
1271 2319 1341 2355 nisi
1373 2323 1403 2356 si
1437 2324 1471 2356 in

468 2371 576 2406 puteo
609 2371 845 2410 quaepiamst.

377 2424 499 2466 Quid?
523 2426 722 2466 Sarsinatis
746 2432 905 2474 ecquam,
928 2436 957 2469 si
980 2435 1094 2471 Umb
1109 2447 1209 2472 ram
1232 2436 1303 2474 ηὸῃ
1327 2440 1467 2476 habes?

374 2485 505 2520 845-7
551 2488 677 2528 Apage
724 2491 831 2525 istum
878 2492 1368 2533 circumductorem:
1417 2499 1466 2535 nil

462 2554 586 2580 moror
620 2546 898 2585 ductarier.
