1740 2840
873 109 1028 139 ..16-

260 214 418 252 flentem,
446 215 512 248 660
540 215 717 248 scientem
745 223 788 248 ac
818 213 1095 253 imprudentem,
1122 215 1186 249 687
1215 215 1337 254 superi
1366 217 1473 254 atque
1503 213 1619 253 inferi,

259 276 389 308 771—2
412 274 640 308 planissume
665 294 707 298 —
731 273 944 308 Verissume
969 294 1012 298 —
1037 274 1271 312 stultissume‚
1295 274 1361 309 908
1384 276 1443 313 ita,
1468 276 1529 313 uti,
1552 276 1618 309 950

259 333 342 368 nolo
376 333 477 368 uolo:
511 332 594 367 uolo
628 333 711 367 nolo
747 342 919 371 rursum,
938 334 1020 367 1012
1055 334 1185 368 itiones
1221 337 1257 369 et
1291 335 1516 374 mansiones,
1556 335 1616 368 118

258 391 425 431 cupiebat
450 394 486 425 et
509 391 694 425 metuebat
718 391 907 425 absentem
932 395 1102 430 patrem.-

347 480 453 521 Apud
482 479 716 538 Plau—tum
747 481 850 516 huius
882 482 1028 524 generis
1060 482 1228 522 exempla
1257 456 1378 517 inveni
1410 482 1517 517 haec:

346 562 373 594 1.
393 559 424 595 C
437 570 459 594 a
472 570 493 600 p
508 563 531 595 t.
550 562 593 595 52
611 560 726 600 nobis,
744 561 858 600 uobis,
880 563 941 596 134
959 560 1144 600 Macesco,
1163 570 1389 596 consenesco
1409 565 1444 596 et
1463 561 1613 596 tabesco

254 620 378 658 miser,
406 621 467 654 149
495 620 589 655 dixis
615 643 658 647 --
684 621 839 660 induxis,
864 623 929 656 389
955 622 1061 656 matri
1089 624 1125 656 et
1150 622 1255 661 patri,
1281 623 1345 656 390
1370 630 1613 655 mora'mera.

252 681 316 713 517
347 688 434 719 spes
464 689 566 719 opes,
598 682 662 715 445
693 689 779 720 spes
812 689 985 720 opesque,
1015 681 1079 714 549
1111 683 1266 715 matrem
1299 683 1334 714 et
1364 683 1516 719 patrem,
1547 681 1609 714 641

253 738 497 778 derunciatus,
520 738 743 777 deartuatus,
766 740 833 773 656
853 748 999 773 sursum
1021 748 1180 777 norsum,
1202 739 1263 773 661
1288 738 1395 772 Sator
1419 741 1628 777 sartorquev

251 799 443 838 scelerum,
488 799 552 833 814
597 798 883 839 quadrupedanti
928 799 1113 837 crucianti,
1159 800 1223 832 849
1268 799 1456 838 porcinam
1501 800 1609 837 atque

249 859 430 897 agninam,
456 860 521 893 889
547 858 762 893 Liberorum
788 858 1092 899 quaerundorum,
1117 859 1248 892 903—5
1275 858 1398 897 pernis
1426 858 1539 897 pestis
1566 878 1608 882 —

250 918 352 953 labes
380 918 494 953 larido
524 940 566 944 —
594 919 723 953 sumini
751 918 951 954 absumedo
980 940 1022 944 —
1048 918 1140 953 callo
1168 918 1366 957 calamitas,
1393 919 1457 986 845
1486 919 1607 952 incen-

251 986 376 1009 surum
400 985 549 1015 censes,

427 1057 456 1090 2.
489 1054 528 1089 M
542 1066 562 1090 e
575 1066 608 1090 n.
646 1057 771 1090 11—12
801 1055 918 1095 Atque
951 1054 1044 1090 adeo
1078 1055 1145 1089 hoe
1179 1058 1431 1094 argumentum

515 1115 834 1152 graecissat:
860 1117 981 1148 tamen

425 1191 502 1228 Non
536 1192 831 1228 atticissat:
864 1193 990 1228 uerum
1023 1193 1350 1228 sicilissitat.

337 1273 464 1305 138—9
492 1271 725 1311 lepidissume
755 1293 797 1296 —
826 1272 1066 1310 hilarissume,
1095 1274 1158 1306 257
1187 1273 1370 1310 geminum
1396 1293 1439 1296 —
1468 1280 1604 1322 geJnes,

244 1331 309 1365 366
344 1330 392 1365 Ut
427 1331 562 1365 iussisti
598 1334 706 1371 atque
743 1334 780 1365 ut
816 1330 970 1370 uoluisti,
1003 1332 1067 1365 387
1102 1330 1237 1366 Eamus
1272 1352 1315 1356 -
1348 1329 1603 1371 prandeamus,

244 1392 372 1424 480—1
398 1390 545 1425 dedisse
566 1412 609 1415 —
629 1392 851 1430 surupuisse,
873 1392 933 1425 571
956 1400 1059 1425 more
1080 1400 1195 1429 moro,
1217 1392 1281 1425 612
1302 1391 1397 1430 palla
1418 1390 1605 1430 pallorem,

243 1451 307 1484 615
329 1454 415 1484 nuto
437 1460 554 1490 neque
575 1451 683 1490 nicto,
702 1451 766 1484 779
786 1449 915 1489 longos
935 1450 1039 1489 logos
1078 1447 1243 1489 (Plautus
1264 1460 1334 1484 non
1356 1460 1439 1485 raro
1460 1450 1603 1485 Graeca

244 1510 361 1544 verba
386 1511 555 1550 apposuit
578 1509 625 1544 ad
648 1510 787 1549 LatIna,
811 1513 849 1545 ut
873 1510 940 1544 hoc
964 1509 1073 1544 modo
1097 1511 1173 1544 vim
1198 1509 1340 1544 dicendi
1365 1512 1532 1549 augeret:
1559 1509 1603 1544 cf.

243 1570 341 1604 Trin.
378 1572 443 1605 669
481 1580 604 1605 mores
641 1580 776 1608 moros,
815 1569 911 1605 Men.
951 1572 1011 1605 571
1052 1580 1154 1606 more
1192 1580 1306 1610 moro,
1344 1570 1418 1605 Mil.
1457 1570 1502 1610 gl,
1539 1571 1604 1605 672

242 1639 368 1665 morus
395 1639 447 1669 es,
472 1630 575 1665 Pers.
602 1632 644 1664 49
668 1632 890 1670 morologus,
915 1629 1048 1664 Pseud.
1079 1631 1162 1664 1264
1189 1630 1418 1665 sermonibus
1444 1629 1602 1664 morolo-

243 1687 330 1731 gis);
353 1691 417 1724 814
438 1691 649 1729 surupuisse
672 1693 780 1730 atque
803 1690 1008 1729 abstulisse,
1029 1691 1095 1724 944
1117 1689 1296 1724 occidisse
1318 1710 1361 1714 —
1383 1689 1603 1728 uendidisse,

242 1752 306 1784 995
336 1749 431 1790 Quid
461 1749 592 1784 statis?
624 1750 707 1790 quid
737 1749 933 1784 dubitatis?
976 1751 1058 1784 1017
1086 1750 1203 1789 Agite,
1233 1750 1339 1788 abite,
1367 1749 1489 1788 fugite,
1520 1751 1601 1784 1157

242 1819 349 1844 mane
371 1818 477 1850 sane;
500 1810 575 1848 689,
598 1811 678 1849 590;

374 1881 405 1913 3.
429 1878 526 1913 Mil.
552 1878 608 1918 gl.
634 1881 653 1913 2
679 1878 798 1919 Quam
825 1879 956 1913 solis
982 1879 1071 1913 radii
1097 1889 1179 1914 esse
1206 1879 1334 1918 olim,
1360 1889 1468 1920 quom

421 1936 606 1976 sudumst,
636 1937 815 1977 solent;

377 2000 416 2032 10
440 1997 572 2032 fortem
597 2000 705 2038 atque
727 1997 960 2036 fortunatum,
983 1999 1023 2032 37
1050 1996 1145 2037 Quid
1170 1997 1205 2032 id
1230 1997 1311 2033 est'?
1338 2019 1380 2023 —

330 2066 508 2107 Quicquid
535 2070 601 2101 est.
628 2068 759 2102 79—80
787 2067 1029 2102 enarrandum
1055 2089 1097 2092 —
1124 2067 1409 2106 auscultandum,
1435 2069 1499 2102 304
1525 2070 1598 2102 sta-

240 2125 363 2161 bulum
387 2148 429 2151 —
455 2126 598 2166 pabulo,
623 2129 684 2161 351
714 2136 915 2167 quoequam
940 2137 1058 2166 quam,
1084 2128 1147 2161 465
1174 2128 1365 2167 quicquam
1392 2136 1510 2167 quam,
1535 2128 1599 2161 552

242 2188 344 2228 Aqua
374 2198 501 2227 aeque,
530 2189 593 2223 617
624 2198 687 2222 cor
720 2197 937 2228 corpusque,
969 2189 1032 2222 499
1063 2187 1335 2226 latrocinamini,
1365 2187 1598 2226 arbitramini,

238 2248 304 2282 640
330 2248 466 2281 amoris
491 2269 533 2272 —
558 2249 778 2288 umorisque,
802 2249 867 2282 693
892 2247 1150 2286 Praecantrici,
1176 2248 1394 2286 coniectrici‚
1420 2248 1481 2282 941
1511 2247 1597 2287 lepi-

239 2308 401 2342 dissume
436 2310 471 2342 et
503 2309 758 2347 compissume,
792 2309 857 2342 942
891 2310 1098 2342 nostrarum
1131 2308 1359 2346 malitiarum,
1392 2308 1453 2342 971
1489 2316 1597 2341 orare

238 2370 346 2408 atque
378 2366 587 2406 obsecrare,
630 2368 711 2402 1013
742 2370 885 2402 tuorum
914 2367 1158 2406 conciliorum,
1191 2368 1273 2402 1052
1304 2367 1522 2407 compellare
1554 2388 1596 2392 —

239 2430 274 2460 et
305 2429 532 2463 consectare,
567 2427 649 2459 1383
680 2425 870 2469 Comulate
902 2425 1171 2463 commoditate,
1206 2426 1287 2458 1407
1320 2425 1521 2465 dispennite
1554 2444 1594 2450 —-

238 2484 442 2524 distennite,
472 2486 553 2519 1424
581 2483 718 2519 mittis?
746 2505 788 2509 ——
815 2483 923 2523 Mitis,
954 2486 1036 2519 1433
1061 2483 1216 2518 osculari
1245 2486 1352 2524 atque
1378 2483 1594 2524 amplexari:

238 2548 311 2585 233,
336 2548 415 2587 245;
