1740 2840
691 100 843 129 -43-

180 201 253 237 Ibd.
280 202 420 241 204-5‚
445 200 520 240 4⁰7,
544 201 620 240 449,
643 201 784 240 760-—1‚
809 200 951 238 760-1,
974 199 1048 239 787,
1072 199 1147 239 825,
1172 198 1313 238 865-6,
1343 199 1442 239 1051;

179 270 321 305 Most.
345 271 486 309 250—1,
507 271 582 304 583.
606 268 783 304 Pseud.
808 269 946 307 106—7‚
969 269 1043 307 254,
1065 269 1141 307 304,
1165 268 1239 306 451,
1263 268 1337 306 616,
1361 267 1443 308 860;

179 339 309 376 Trin.
339 340 476 379 146-7,
503 340 578 378 441,
604 340 679 379 566,
706 339 781 378 670,
808 339 884 373 983.

178 417 378 453 Praeterea
408 420 529 452 autem
559 418 788 452 inveniuntur
817 425 997 457 persaepe
1027 416 1216 454 vocabula,
1249 424 1341 455 quae
1372 423 1443 448 non

92 480 190 514 iuxta
215 480 435 518 repetuntur,
458 487 528 512 non
553 479 586 511 in
611 478 720 517 initio,
743 487 814 511 non
837 477 871 510 in
893 475 975 515 fine,
998 475 1064 510 sed
1088 476 1122 510 in
1145 475 1265 510 medio
1290 474 1443 509 duorum

91 538 294 579 pluriumve
321 538 587 572 enuntiatorum
613 537 681 572 hoc
706 536 834 572 modo:

177 606 209 640 A
222 605 245 640 d
258 615 278 640 e
292 606 336 645 lp
350 605 383 640 h.
403 606 511 641 55-6
531 615 614 640 nam
637 606 694 645 qui
716 605 859 640 mentiri
881 607 942 639 aut
963 603 1086 638 fallere
1110 602 1281 638 institerit
1301 606 1443 642 patrem

91 666 153 701 aut
176 675 198 700 a
211 675 233 700 u
247 664 269 699 d
282 665 302 700 e
315 665 337 699 b
350 665 360 699 i
374 667 398 704 t,
421 660 661 704 tanto'magis
685 674 708 699 a
720 674 742 699 u
756 663 778 698 d
792 673 812 698 e
824 663 847 697 b
860 663 897 697 it
921 662 1075 697 ceteros.
1100 682 1142 687 ——
1168 661 1242 696 Sed
1267 661 1359 696 tales
1386 670 1442 695 re-

91 725 283 766 petitiones
316 725 420 759 unius
453 724 686 764 eiusdemque
718 722 887 758 vocabuli
921 725 996 757 tam
1028 722 1134 765 parvi
1167 724 1228 756 aut
1262 729 1442 761 persaepe

91 782 219 818 nullius
238 784 411 817 momenti
432 791 515 818 esse
534 783 618 817 mihi
639 782 820 821 videntur,
839 784 878 816 ut
898 791 969 815 non
989 780 1154 819 habeam,
1176 779 1272 820 quod
1294 788 1357 814 eas
1379 778 1442 813 ad-

90 842 217 878 ieram.
250 842 415 883 Denique
437 842 544 882 longe
565 842 798 882 amplissume
821 841 1073 881 repetitionem
1096 840 1219 874 inveni
1241 839 1443 878 longiorum

91 902 151 937 vel
176 902 387 938 breviorum
415 902 679 937 enuntiatorum
704 902 785 936 sive
812 900 976 936 eiusdem
1002 901 1094 939 sive,
1118 902 1158 935 ut
1182 900 1217 933 in
1243 898 1443 934 comoediis

90 962 167 997 fie'ri
189 964 352 1002 apparet,
373 961 521 996 alterius
543 970 734 1001 personae,
755 970 848 1001 quae
869 962 931 996 aut
951 959 1047 995 idem
1070 960 1294 994 enuntiatum
1313 959 1444 998 repetit

91 1024 152 1056 aut
180 1020 283 1055 alteri
314 1021 550 1060 interroganti
581 1019 778 1060 respondet
807 1022 869 1054 aut
899 1019 1053 1054 alteram
1083 1020 1284 1059 interrogat
1314 1018 1443 1053 iisdem

91 1079 216 1114 verbis
240 1073 309 1113 hoc'
331 1081 454 1119 pacto:

177 1157 209 1191 A
222 1156 245 1191 d
258 1157 337 1197 elp
350 1157 382 1192 h.
408 1158 468 1192 129
491 1156 648 1192 Curaest
669 1157 764 1192 mihi.
787 1178 829 1183 -
852 1157 896 1192 Et
917 1157 1002 1192 mihi
1025 1160 1181 1192 curaest.

179 1234 317 1270 Haut.
347 1234 460 1270 Tim.
488 1237 594 1271 90—l
626 1235 711 1271 Sine
741 1246 799 1271 me
828 1263 835 1270 .
867 1262 875 1270 .
906 1262 915 1271 .
943 1235 1022 1270 Non
1053 1237 1179 1271 sinam.
1211 1235 1284 1270 Ibd.
1316 1235 1442 1269 166—7

91 1293 248 1329 Sicinest
273 1294 480 1330 sententia}¹>
506 1317 548 1320 —
573 1295 644 1330 Sic.
670 1295 743 1330 Ibd.
771 1297 831 1330 163
857 1295 934 1330 Non
960 1305 1121 1335 possum.
1146 1315 1189 1320 —
1216 1294 1315 1335 Quor
1342 1293 1439 1329 non?

92 1355 159 1387 etc.
189 1352 288 1388 Talis
317 1363 404 1389 usus
433 1353 631 1389 verborum
659 1357 694 1389 et
723 1354 818 1395 apud
846 1354 1012 1389 Plautum
1041 1357 1077 1389 et
1106 1354 1318 1389 Terentium
1348 1354 1442 1389 adeo

92 1415 148 1447 est
177 1413 292 1452 tritus,
323 1415 361 1448 ut
390 1422 542 1453 perraro
571 1412 735 1453 profecto
767 1414 876 1449 etiam
906 1414 1025 1454 aliqua
1055 1414 1114 1448 vis
1145 1414 1238 1453 insit,
1268 1417 1306 1450 ut
1336 1423 1442 1453 prae-

90 1472 288 1506 termittam
313 1471 404 1506 tales
429 1473 692 1506 enuntiationes
718 1482 789 1506 non
812 1473 929 1511 magis
954 1473 988 1506 in
1013 1472 1242 1507 similitudine
1269 1481 1443 1507 sonorum

92 1539 199 1569 quarn
232 1530 266 1563 in
301 1539 411 1564 sensu
446 1531 585 1569 positas
619 1539 703 1565 esse
736 1540 852 1570 neque
888 1533 1026 1565 tanturn
1062 1540 1169 1564 aures
1204 1540 1442 1565 commovere

90 1597 198 1628 quam
224 1588 382 1623 animum
408 1587 622 1624 auditorum.

179 1646 410 1688 Quapropter
436 1649 557 1682 statim
582 1648 742 1683 transibo
768 1648 814 1684 ad
838 1648 1009 1688 ultimam,
1036 1658 1125 1689 quas
1149 1649 1234 1683 mihi
1260 1650 1443 1689 proposui,

91 1705 298 1746 figurarum,
328 1715 419 1746 quae
450 1710 505 1741 est

594 1816 625 1848 7.
645 1814 935 1854 Polysyndeton.

178 1900 352 1935 Donat.
381 1900 422 1938 K.
454 1900 522 1940 1V.,
550 1903 631 1936 399:
663 1901 804 1941 „multis
835 1911 931 1936 nexa
960 1902 1268 1937 coniunctionibus
1299 1901 1440 1937 dictio.“

90 1958 122 2000 Q
136 1969 157 1994 u
171 1960 181 1993 i
195 1969 216 1993 n
230 1962 253 1994 t.
277 1958 345 1998 ΙΧ.,
365 1961 396 1998 3,
417 1961 476 1994 53:
499 1961 708 1999 „acervat10
730 1963 793 1995 aut
812 1961 933 1995 iuncta
955 1963 1016 1995 aut
1037 1960 1234 1995 dissoluta“
1257 1959 1362 1999 (haec
1385 1964 1441 1995 est

90 2017 277 2054 dissolutio
320 2019 381 2053 vel
410 2014 641 2057 voio’vSe‘cov).
693 2018 811 2054 Etiam
851 2018 1105 2060 Polysyndeta
1146 2020 1297 2060 plurima
1339 2021 1437 2060 potui

90 2076 271 2118 invenire;
301 2077 467 2117 equidem
496 2077 554 2111 illa
583 2080 721 2112 tanturn
752 2078 918 2117 exempla
948 2078 1123 2117 adferam,
1152 2079 1279 2118 quibus
1312 2079 1441 2114 eadem

91 2138 293 2172 coniunctio
323 2137 468 2171 minime
498 2139 574 2170 ter
605 2139 688 2171 aut
716 2137 928 2176 saepius
959 2138 1126 2172 iteratur:

176 2214 243 2248 Ad
258 2214 380 2254 elph.
403 2216 531 2249 32—33
552 2240 560 2248 .
584 2240 591 2248 .
614 2240 622 2248 .
646 2240 653 2248 .
677 2212 741 2249 a1'1t
763 2217 799 2249 te
820 2224 945 2249 amare
969 2217 1113 2254 cogitat,
1137 2196 1197 2250 aut
1219 2216 1292 2250 tete
1317 2217 1442 2254 amari,

90 2276 151 2308 aut
170 2277 298 2313 potare
301 2300 427 2313 .....
449 2273 518 2308 ibd.
537 2276 644 2308 84—5
666 2283 782 2313 neque
802 2294 845 2299 —
865 2283 932 2308 nec
954 2295 995 2298 —
1018 2284 1146 2313 neque,
1168 2276 1305 2313 loz—3,
1326 2284 1442 2314 neque

91 2329 152 2373 (3),
177 2334 237 2368 301
266 2343 335 2374 que
358 2330 419 2373 (3),
444 2334 507 2368 306
532 2343 648 2374 neque
672 2329 734 2372 (3),
758 2334 823 2368 692
847 2335 883 2368 et
905 2329 967 2372 (3),
990 2333 1054 2367 716
1076 2343 1194 2374 neque
1220 2355 1262 2359 -
1288 2343 1355 2369 nec
1380 2335 1443 2368 819

92 2396 127 2430 et
154 2391 221 2436 (3);

179 2473 244 2507 An
259 2472 281 2506 d
295 2483 322 2507 r.
344 2474 453 2507 56-7
475 2476 536 2508 aut
557 2470 618 2511 (3),
642 2474 704 2506 279
728 2482 843 2511 neque
866 2469 927 2510 (4),
950 2474 1079 2506 292-4
1103 2474 1133 2506 si
1157 2494 1200 2497 —
1222 2474 1299 2507 sine
1323 2482 1443 2510 —seu‚

90 2530 155 2565 905
182 2531 239 2566 uel
265 2528 331 2572 (3);
