1740 2840
698 78 850 108 -33-

186 182 217 215 6.
241 179 341 213 Pho
356 188 371 212 r
385 188 432 212 m.
458 181 584 213 los—4
607 181 710 218 imus,
733 180 907 219 uenimus,
931 176 945 217 l
968 180 1150 215 uidemus:
1174 181 1276 220 uirgo
1312 178 1449 220 pulcra.

99 240 147 275 lb.
187 239 259 277 135,
297 238 369 276 186,
406 239 479 276 282,
516 238 655 276 341—2,
691 238 765 277 374,
800 238 875 277 496,
910 240 1051 277 594—5‚
1087 240 1163 277 858,
1199 240 1339 277 867—8‚
1374 241 1451 278 950,

98 299 173 336 951,
196 297 290 331 1019.

147 353 345 390 'Plaut.
376 354 403 388 1.
430 352 567 394 Capt.
595 356 738 390 162—3:

230 412 332 453 Opus
357 412 511 453 Panicis,
536 417 592 449 est
616 411 708 454 &pus
733 413 956 450 Placentinis
983 425 1135 456 quoque,

230 471 331 511 Opus
362 469 594 510 Turdetanis,
625 470 733 511 opust
763 473 1067 507 Ficedulensibus.

184 531 214 564 2.
238 528 277 563 M
291 539 310 564 e
324 539 356 563 n.
382 531 442 564 132
464 529 543 564 Hoc
565 529 702 565 facinus
724 530 932 570 pulcrumst,
955 528 1024 565 hoc
1046 531 1244 571 probumst‚
1267 529 1336 566 hoc
1362 531 1448 571 lepi-

98 589 229 627 dumst,
257 588 325 622 hoc
356 586 529 623 factumst
558 588 671 623 fabre.
714 588 761 623 Ib.
793 591 933 627 302—-3‚
962 591 1037 628 865,
1071 591 1162 624 1115.

183 648 214 682 3.
236 645 310 681 Mo
324 649 379 682 st.
403 647 462 682 167
485 646 576 681 Volo
598 647 656 681 me
678 647 834 687 placere,
856 646 1092 687 Philomachi‚
1113 657 1195 682 meo
1216 649 1341 688 ocello,
1363 658 1446 683 meo

96 703 263 747 patrimo.
299 705 347 740 Ib.
371 707 445 745 367,
470 707 544 740 603.

184 765 214 798 4.
237 763 334 797 Mil.
357 764 478 803 glor.
502 765 665 798 189a-b

228 822 281 857 Os
307 822 426 862 habet,
453 823 619 862 linguam,
646 823 846 863 perfidiam,
871 824 1043 858 malitiam
1070 826 1177 864 atque
1204 824 1314 858 auda-

311 880 416 920 ciam,
432 878 709 920 confidentiam,
725 881 1013 921 continuitatem,
1029 881 1315 917 fraudulentiam.

227 938 276 973 lh.
302 939 438 977 161-2,
462 940 536 978 331,
561 940 654 978 1033,
680 940 773 978 1092,
799 941 957 974 1204-5.

181 999 212 1031 5.
233 997 263 1030 Ρ
276 1006 295 1031 s
309 1007 328 1031 e
342 1007 363 1031 u
377 997 411 1031 d.
434 998 581 1032 1126—7
600 997 695 1032 Dum
715 998 843 1032 recens
865 1001 931 1037 est,
952 995 966 1036 l
987 998 1081 1032 Dum
1102 999 1205 1037 calet,
1227 998 1312 1033 dum
1332 998 1446 1037 datur,

95 1055 263 1090 deuorari
291 1054 397 1090 decet
421 1081 430 1089 .
456 1081 464 1089 .
491 1081 499 1089 .

180 1115 212 1149 6.
232 1113 262 1149 T
276 1124 293 1149 r
306 1115 315 1148 i
329 1124 362 1149 n.
383 1115 448 1149 368
468 1112 564 1149 Tute
586 1114 632 1149 ad
653 1125 735 1150 eum
757 1115 881 1155 adeas,
902 1118 978 1150 tute
999 1116 1180 1155 concilies,
1202 1113 1280 1151 tute
1302 1125 1446 1156 poscas.

95 1173 143 1207 lb.
168 1174 244 1213 696,
271 1174 429 1208 1020—1.
941 1174 944 1177 ’

180 1251 374 1287 Postremo
402 1253 469 1287 huc
499 1252 730 1287 referendam
758 1262 841 1287 esse
868 1255 953 1293 puto
980 1253 1143 1291 figuram,
1172 1262 1263 1292 quae
1291 1255 1444 1286 vocatur

500 1316 777 1363 ’Λντὶμεταβολή
802 1316 1067 1358 (commutatio)

180 1387 247 1423 Co
261 1398 312 1423 rn
327 1387 372 1423 if.
398 1387 455 1428 IV,
478 1390 530 1428 28,
554 1391 612 1423 39:
639 1388 904 1428 „Commutatio
930 1391 996 1428 est,
1020 1398 1101 1423 cum
1125 1388 1218 1423 duae
1240 1390 1443 1423 sententiae

92 1448 185 1481 inter
212 1456 253 1481 se
280 1447 529 1486 discrepantes
556 1457 601 1481 ex
627 1448 882 1481 transiectione
909 1447 959 1481 ita
983 1446 1189 1485 efferuntur,
1215 1449 1253 1481 ut
1277 1457 1299 1481 a
1323 1448 1443 1486 priore

90 1507 273 1546 posterior
296 1507 478 1542 contraria
499 1507 609 1546 priori
633 1506 893 1546 proficiscatur,
916 1506 984 1541 hoc
1006 1506 1133 1541 modo:
1158 1505 1326 1550 :Oportet
1350 1514 1444 1543 esse,

92 1568 130 1600 ut
158 1566 278 1604 vivas,
304 1575 375 1600 non
402 1567 543 1604 vivere,
571 1569 609 1600 ut
637 1561 781 1600 edas.'“
822 1565 939 1600 Etiam
967 1566 1070 1599 huius
1099 1566 1246 1604 generis
1276 1564 1445 1599 nonnulla

92 1623 259 1664 exempla
280 1624 445 1659 invenire
466 1632 660 1664 possumus
682 1623 778 1664 apud
799 1623 1011 1658 Terentium
1032 1626 1068 1658 et
1087 1622 1271 1658 Plautum:

182 1683 209 1716 1.
235 1682 441 1722 Adelph.
467 1684 574 1717 23—4
602 1684 634 1717 ei
659 1685 801 1722 partem
827 1682 1002 1722 aperient,
1029 1678 1043 1719 l
1071 1683 1105 1716 in
1134 1681 1275 1721 agendo
1302 1684 1443 1722 partem

92 1739 296 1775 ostendent.
317 1741 381 1775 824
403 1737 473 1774 hoc
494 1740 577 1775 licet
597 1741 741 1780 impune
762 1740 884 1774 facere
905 1740 996 1779 huic,
1018 1740 1065 1774 illi
1087 1737 1160 1773 n6n
1181 1740 1273 1774 licet.

179 1800 210 1833 2.
234 1798 376 1833 Andr.
400 1800 465 1834 920
488 1797 529 1833 Si
552 1798 637 1833 mihi
660 1801 790 1839 perget
814 1798 906 1838 quae
931 1798 1006 1833 uolt
1030 1798 1163 1837 dicere,
1187 1798 1232 1832 ea
1255 1807 1346 1838 quae
1371 1807 1441 1832 non

92 1855 168 1892 uolt
192 1854 328 1892 audiet.

139 1914 142 1915 ⁷
179 1917 244 1950 966
266 1915 393 1950 Nescis
418 1915 501 1955 quid
523 1916 570 1949 mi
594 1914 776 1954 obtigerit.
800 1937 843 1940 —
867 1914 979 1950 Certe
1004 1914 1069 1949 sed
1093 1915 1176 1955 quid
1199 1916 1247 1948 mi
1270 1913 1442 1953 obtigerit

92 1975 180 2008 scio.
215 1973 263 2008 lb.
288 1974 362 2008 349.

179 2034 210 2067 3.
250 2031 313 2066 Eu
327 2041 359 2065 n.
399 2032 465 2066 813
503 2028 628 2066 nolunt
668 2031 726 2065 ubi
769 2030 872 2070 uelis,
915 2031 973 2065 ubi
1016 2031 1107 2064 nolis
1148 2028 1297 2070 cupiunt
1337 2030 1441 2064 ultro.

92 2090 140 2126 lb.
165 2093 305 2126 440-4.

179 2151 210 2184 4.
230 2150 262 2184 H
276 2160 296 2184 e
309 2160 340 2184 c.
358 2151 467 2184 78—9
488 2150 517 2183 si
538 2147 682 2188 quaerit
700 2158 770 2187 me,
789 2149 838 2182 uti
859 2145 873 2185 l
892 2147 984 2182 Tum
1004 2148 1119 2188 dicas;
1140 2149 1170 2181 si
1190 2158 1260 2181 non
1281 2148 1442 2187 quaeret,

92 2209 208 2244 nullus
234 2208 381 2248 dixeris,
406 2234 415 2243 .
440 2234 448 2242 .
473 2234 481 2242 .
520 2207 567 2242 lb.
593 2208 734 2242 558—9.

179 2270 210 2303 5.
227 2268 259 2303 H
272 2278 294 2304 a
306 2278 329 2303 u
342 2271 365 2303 t.
383 2268 495 2303 Tim.
515 2268 641 2302 153—4
659 2276 785 2301 uerum
803 2266 869 2300 nec
887 2266 983 2300 illum
1001 2269 1037 2300 tu
1055 2266 1144 2300 satis
1163 2262 1322 2300 noueras
1341 2262 1355 2302 l
1375 2274 1442 2299 nec

92 2329 128 2361 te
154 2326 222 2361 ille.
259 2326 307 2361 lb.
334 2328 408 2365 203,
433 2328 507 2365 325,
532 2327 605 2364 524,
633 2326 725 2359 1039.

178 2387 210 2420 6.
232 2384 263 2421 C
276 2395 332 2425 ap
346 2388 370 2421 t.
389 2387 451 2420 221
471 2384 564 2421 Nam
585 2383 654 2419 doli
677 2393 747 2418 non
769 2382 840 2417 doli
862 2384 954 2417 sunt.
974 2383 1017 2417 39
1038 2382 1151 2417 Huius
1172 2383 1252 2422 illic,
1274 2382 1330 2417 hic
1351 2382 1442 2416 illius

92 2441 206 2479 hodie.
227 2444 299 2480 fert
325 2445 528 2484 imaginem.
564 2445 628 2478 249
656 2443 739 2490 Scio
768 2441 935 2482 equidem
960 2451 1020 2476 me
1045 2442 1081 2477 te
1110 2451 1194 2476 esse
1221 2452 1315 2477 nunc
1344 2444 1380 2476 et
1406 2441 1443 2475 te

92 2511 176 2538 esse
201 2513 271 2539 me.
307 2502 355 2538 Ib.
381 2504 455 2543 315,
480 2504 554 2543 455,
578 2503 717 2541 461-2,
742 2501 816 2540 566,
842 2501 916 2541 627,
942 2501 1016 2535 816.

1385 2545 1404 2575 3
